3110 5134
381 478 450 560 ιιι
558 475 776 544 VALERII
811 474 1018 544 ΜΑΧΙΜΙ
1053 476 1147 544 LIB.
1182 477 1248 544 IX.

373 605 504 700 quidem
521 606 622 676 frenis
639 606 737 674 luerit
752 603 927 676 revocata?
948 604 991 674 ad
1010 629 1191 692 summam,
1211 629 1313 700 quum
1333 631 1435 700 penes

317 803 325 816 ι
373 710 459 782 illam
480 713 522 782 sit
540 713 666 798 timeri,
683 735 784 806 penes
798 737 860 782 nos
876 713 919 780 sit
933 711 1051 782 odisse.

432 858 460 902 1.
489 837 527 903 L.
545 832 654 918 Sulla,
677 859 776 928 quem
797 857 903 928 neque
927 832 1078 922 laudare,
1101 859 1207 928 neque
1227 835 1435 953 vituperare,

372 942 546 1034 quisquam
561 941 639 1008 satis
653 939 752 1034 digne
767 939 892 1034 potest¹
896 991 906 1024 ,
924 941 1000 1034 quia
1021 939 1102 1010 dunt
1123 941 1240 1035 quaerit
1259 940 1434 1028 victorias,

371 1047 558 1140 Scipionem
575 1071 609 1115 se
629 1044 753 1140 populo
768 1069 924 1130 roman03
939 1045 1019 1114 dum
1034 1044 1196 1132 exercet²,
1214 997 1434 1116 Hannibaleni

372 1152 636 1246 repraesentavit:
654 1153 784 1247 egregie
799 1176 941 1247 namque
959 1153 1156 1222 auctoritate
1172 1099 1367 1222 riobilitatis³
1381 1153 1436 1221 de

371 1257 479 1343 sensu,
502 1257 678 1328 crudeliter
695 1271 798 1328 totam
815 1257 931 1328 urbem
949 1272 1047 1352 atque
1063 1283 1178 1328 omnes
1198 1256 1299 1327 Italiae
1320 1273 1435 1352 partes

372 1362 475 1434 civilis
498 1363 690 1500 sanguinis
691 1364 880 1434 fluminibus
906 1364 1088 1434 inundavit.
1112 1365 1266 1483 Quatuor
1288 1359 1435 1458 legiones

371 1471 544 1540 contrariae
568 1456 701 1564 pertis⁴,
722 1469 820 1540 iidem
845 1495 939 1542 suam
961 1484 1131 1564 sequutus,
1152 1471 1186 1538 in
1205 1467 1335 1565 publica
1355 1469 1435 1540 villu

372 1566 484 1670 [qure'
476 1601 509 1644 ιιι
524 1577 647 1644 Martio
660 1599 779 1670 campo
794 1568 895 1667 eratl,
910 1575 1131 1671 nequidquam
1149 1575 1273 1646 fallacis
1289 1573 1435 1648 dextera

369 1681 628 1752 misericordiam
658 1681 892 1777 implorantes,
919 1683 1111 1752 obtruncari
1139 1681 1244 1777 jussit.
1279 1682 1434 1812 Quarurp

370 1785 593 1858 lamentabiles
605 1790 778 1882 quiritatus
789 1788 925 1883 trepidas
938 1790 1081 1858 civitatis
1092 1811 1187 1858 aures
1199 1774 1434 1906 receperunt⁵:

369 1892 511 1964 lacerata
522 1894 610 1963 ferro
620 1917 761 1990 corpora
770 1894 918 1964 Tiberis
909 1896 1083 1990 impatiens
1097 1895 1179 1992 tanti
1192 1895 1302 1962 oneris
1317 1918 1436 1962 cruen-

369 2001 444 2070 tatis
466 2003 559 2132 aquis
578 2000 699 2070 vehere
724 2015 859 2070 coactus
876 2015 936 2070 est.
956 2001 1113 2094 Quinque
1133 1979 1232 2070 millia
1255 2002 1436 2069 Praenesti·

368 2131 488 2177 ιιοιιιιιι
532 2130 591 2201 spe
610 2105 723 2175 salutis
742 2109 857 2202 perP.
877 2106 1063 2202 Cethegum
1082 2105 1176 2194 data,
1198 2120 1290 2174 extra
1309 2107 1436 2176 moenia

369 2213 539 2306 municipii
568 2225 727 2298 evocata,
753 2237 854 2306 quum
882 2211 1018 2307 abjectis
1044 2213 1143 2280 armis
1166 2159 1263 2280 humi
1290 2237 1435 2306 corpora

369 2317 1437 2413 prostravissent,interficienda,protinusqueperagrosdisper-

412 2555 437 2588 1.
451 2536 542 2588 Potest.
555 2533 876 2604 Hasclerererbalegan·
962 2535 987 2589 3.
1013 2533 1163 2588 Notitiam.
1185 2533 1282 2588 Contra
1304 2534 1436 2598 Marium,

368 2629 412 2670 tur
420 2615 497 2668 etiam
506 2611 576 2686 apud
582 2611 749 2666 Paterculum
756 2613 792 2666 11.
804 2613 876 2666 Sicut
919 2613 1004 2684 plebia
1015 2613 1154 2667 fautorem.
1163 2645 1203 2657 -
1214 2615 1352 2668 inundavit.
1364 2616 1396 2668 E.
1406 2635 1436 2686 g.

368 2695 397 2748 ιιι
411 2691 546 2764 Alcibiade
565 2711 673 2747 summe
686 2691 798 2746 virtutes
813 2711 875 2745 cum
919 2689 989 2764 apud
1012 2691 1211 2764 Sacriportum,
1232 2691 1304 2765 apud
1325 2707 1436 2768 portam

368 2775 476 2828 smnmis
502 2773 573 2827 vitiis
595 2775 762 2844 conjuncta,
787 2773 823 2825 sic
846 2772 874 2825 ιιι
919 2772 1067 2836 Collinam,
1087 2772 1164 2824 Lxx
1180 2784 1206 2825 et
1222 2775 1333 2845 amplius
1349 2774 1438 2828 millia

367 2855 451 2920 saltn
465 2851 602 2924 sedhujus
610 2853 689 2944 longe
698 2851 813 2905 structor
824 2850 876 2905 ιιιιι
919 2850 992 2925 Sylla
1004 2849 1137 2915 concidit
1148 2864 1178 2904 ιιι
1188 2863 1298 2906 testetur
1311 2853 1419 2907 Florus.

367 2931 629 3005 crudelitas,quum
622 2928 878 2986 utetautumlibidi·
962 2939 989 2995 4.
1002 2933 1095 2984 Partis.
1114 2934 1183 2985 Αιιιι.
1199 2931 1266 2985 Urb.
1284 2937 1352 3003 671.
1372 2934 1438 2986 Liv.

367 3033 437 3072 noser
458 3011 658 3086 magnificentie
682 3025 708 3066 et
729 3009 876 3065 dominatui
920 3011 1106 3076 LXXXVIII,
1110 3012 1190 3065 Plut·
1183 3011 1326 3082 ,uppem
1333 3013 1360 3078 Ι·
1365 3014 1441 3066 Var-

367 3093 491 3167 quidem,
509 3091 555 3148 sed
572 3111 626 3146 ιιυιι
647 3092 684 3145 sic
699 3089 831 3158 studeret,
847 3103 877 3144 ut
921 3089 1035 3144 rodeli.
1046 3049 1265 3144 nitu-Eme.
1275 3089 1335 3144 llec
1348 3094 1440 3145 rerba

368 3175 396 3227 in
411 3175 481 3227 cives
493 3172 604 3226 seviret.
620 3171 714 3224 Puris
728 3171 817 3242 potius
832 3189 874 3224 ca·
920 3170 1046 3241 glossema
1059 3168 1192 3223 videntur.
1205 3169 1290 3236 Quem
1302 3171 1374 3224 enim
1388 3171 1441 3226 Iu·

367 3253 431 3306 ritas
443 3269 546 3324 semper
557 3252 612 3321 ejus
624 3249 767 3304 inherebat
778 3250 874 3305 animo.
919 3250 998 3320 gerit.
1013 3249 1113 3304 Valerii
1124 3267 1196 3316 uro,
1209 3251 1256 3304 ubi
1265 3249 1325 3304 uilla
1331 3249 1441 3322 publica

409 3351 436 3386 a.
454 3333 519 3384 Dum
534 3341 634 3382 exercet.
653 3329 771 3394 Scilicet,
794 3330 876 3384 victo·
919 3328 1006 3384 esset?
1029 3330 1062 3382 In
1088 3347 1200 3382 numero
1230 3329 1441 3384 interfectorum

367 3411 444 3464 riam.
459 3411 582 3481 Pighius,
592 3409 648 3460 dum
658 3411 772 3461 saevitiam
782 3428 874 3472 erere,
918 3409 1018 3462 civium
1031 3408 1171 3480 scriptores
1183 3406 1349 3464 dissentiunt.

368 3488 442 3562 quod
454 3489 531 3542 estin
544 3507 640 3542 norem
652 3487 730 3540 MSS.
741 3500 768 3540 et
776 3488 877 3559 aliquot
962 3489 987 3542 5.
995 3489 1148 3558 deceperunt.
1157 3488 1311 3542 Perizonius
1323 3490 1444 3561 conjicit

330 3591 332 3594 ·
365 3567 430 3622 edd.
446 3567 538 3622 Sedet
553 3567 875 3639 glossa-Hannibalem.
920 3572 1032 3638 minere,
1047 3580 1077 3621 ut
1092 3566 1246 3622 ostendatur
1262 3569 1360 3622 inritos
1379 3569 1443 3625 hoc

367 3649 458 3702 Tacite
474 3648 577 3718 sugillat
593 3646 783 3712 Hannibalem,
801 3645 875 3718 quod
920 3646 1020 3702 audiise
1036 3649 1177 3701 Romanos.
1195 3647 1248 3702 Sed
1265 3667 1320 3702 uon
1341 3649 1444 3704 lavent

368 3728 479 3782 victoria
496 3727 534 3780 uti
554 3726 683 3780 nescierit.
700 3725 772 3779 Sulla
788 3738 875 3779 autem
918 3725 995 3781 MSS.
1016 3740 1042 3780 et
1062 3727 1160 3780 inritos
1178 3725 1279 3780 audiise
1298 3730 1445 3784 Romanos

367 3808 565 3861 victorianum
584 3805 700 3859 exercuit
718 3803 875 3871 crudeliter,
919 3807 980 3860 estis
1000 3807 1085 3878 liquet
1104 3826 1135 3859 ex
1157 3825 1189 3859 eo
1200 3859 1203 3868 ,
1214 3805 1287 3879 quod
1306 3806 1445 3875 additur,

365 3888 508 3960 imperium
529 3886 685 3957 occeperit,
704 3897 731 3938 et
752 3884 876 3951 caedibus,
920 3887 1019 3957 trepidoe
1031 3889 1135 3939 civitatis
1143 3905 1220 3940 aum.

364 3966 606 4040 proscriptionibus
621 3978 647 4018 et
659 3964 758 4036 rapinis
769 3984 875 4018 omnem
960 3970 988 4019 6.
1000 3967 1208 4019 Praenestinorum.
1219 3966 1448 4032 Quiaminorern

366 4048 479 4120 reipubl.
495 4047 586 4100 faciem
602 4045 751 4098 immutavit
766 4045 873 4099 saeuissi-
919 4046 1033 4099 Marium
1043 4059 1208 4116 receperent,
1218 4063 1299 4116 quum
1310 4065 1323 4098 s
1335 4047 1450 4102 Cethe·

366 4147 433 4184 rous.
447 4127 530 4179 Tacit.
543 4129 612 4179 Ann.
626 4125 715 4178 XVII.
917 4143 951 4196 go
965 4125 1045 4180 Solle
1057 4125 1180 4196 prolecto
1194 4124 1393 4184 obsiderentur.
