3108 5136
372 467 443 568 176
560 467 781 539 vinoun
810 425 1140 536 munimime.
1169 466 1237 536 1x.

366 601 522 676 collusori
544 599 695 686 dixisset,
723 597 867 686 occure,-
893 611 927 668 et
951 597 1037 668 forte
1059 600 1288 668 Romanorum
1312 595 1434 694 legati*

366 709 638 780 intervenissent:
659 705 814 776 satellites
828 705 916 800 ejus,
934 729 1047 774 errore
1061 707 1152 776 vocis
1166 702 1317 800 impulsi,
1337 707 1436 776 inter·

368 815 511 888 finiendo
528 814 654 910 legatos
673 811 783 884 lusum
803 811 847 882 nd
865 812 1041 907 imperium
1059 810 1310 884 transtulerunt

739 1045 971 1137 CAPUT
1010 1045 1071 1134 X.

686 1272 732 1337 De
749 1270 867 1336 ultim
884 1269 1114 1336 Romanorum.

388 1483 407 1518 ι.
419 1464 516 1532 Papiri·
526 1465 604 1514 tribus
614 1464 801 1513 nundinorum
811 1462 837 1510 in
846 1462 944 1510 Poiien·
953 1488 985 1498 -
1000 1477 1021 1511 a.
1033 1462 1118 1528 Populi
1128 1462 1239 1512 uticensis
1251 1463 1277 1512 in
1287 1463 1315 1512 C.
1326 1463 1424 1512 Iubiun

827 1543 978 1593 fluertem.

693 1707 873 1819 Depreltione
883 1709 1112 1774 Externomm.

410 1926 432 1960 ι.
445 1907 567 1971 myris
578 1915 603 1956 et
612 1905 737 1954 buonioee
748 1903 889 1968 mssimn.
898 1928 930 1940 -
938 1917 961 1952 2.
973 1905 1090 1952 Juvenum
1099 1904 1254 1967 qnorum
1264 1905 1405 1954 Genuum

595 2083 649 2137 DE
675 2079 879 2134 ULTIONE
909 2079 1205 2136 ROMANORUM.

424 2269 568 2342 Ultionis
587 2280 698 2336 autem
720 2263 1002 2359 quemadmodum
1024 2289 1134 2355 acres,
1152 2267 1197 2335 ita
1212 2263 1311 2362 justi⁸
1334 2265 1438 2338 aridei

371 2393 472 2461 sunt3
493 2375 549 2470 qui
571 2372 711 2443 lacessiti
731 2373 957 2460 concitantur,
979 2387 1151 2467 acceptum
1176 2371 1326 2444 dolorem
1354 2399 1440 2470 pen-

369 2510 442 2556 sare
464 2483 656 2577 cupientes:
679 2501 763 2572 quos
782 2477 878 2548 letius
896 2477 1073 2574 complecti
1090 2504 1159 2548 non
1178 2481 1317 2549 attinet..

428 2603 458 2662 i.
479 2590 526 2659 Μ.
544 2569 687 2656 Fluvius³
709 2582 862 2653 tribunus
889 2583 994 2680 piebis
1014 2583 1056 2654 ad
1072 2583 1233 2680 populum
1253 2584 1295 2656 de
1312 2589 1442 2658 Tuscu·

370 2699 454 2769 lanis
473 2693 601 2776 retulit,
617 2690 706 2786 quod
720 2713 835 2760 eorum
850 2691 992 2759 consilto
1002 2691 1195 2762 Veliternos
1206 2695 1441 2764 Proernam-

371 2831 438 2903 que
461 2801 645 2872 rebellatos
675 2797 819 2867 diceret:
846 2798 903 2890 qui
932 2822 1008 2866 oum
1038 2799 1235 2893 conjugibus
1262 2823 1302 2869 oe
1330 2799 1442 2871 liberis

373 2908 525 3008 squalore
539 2904 654 2990 obsiti,
675 2928 777 2998 quum
794 2901 959 2998 supplices
979 2905 1120 2973 Romam
1143 2907 1333 2987 venissent,
1352 2910 1441 2977 acci·

374 3019 440 3106 dit,
461 3030 499 3084 ut
526 3010 659 3105 reliquis
682 3007 834 3079 tribubus
855 3008 1032 3078 salutarem
1055 3013 1250 3082 sententiam
1275 3017 1441 3106 sequutis,

373 3123 442 3197 solu
475 3119 565 3192 Polia
598 3117 784 3211 judicaret,
814 3129 970 3211 oportere
998 3115 1130 3212 publice
1158 3141 1215 3188 eos
1246 3118 1441 3190 verberatos
1505 3104 1509 3113 ¹

418 3351 443 3386 1.
458 3331 553 3400 Legati.
561 3327 683 3392 Quotuor
690 3325 802 3398 legatos,
812 3337 841 3378 nt
850 3323 884 3378 de
927 3325 978 3380 tire
996 3337 1022 3378 et
1040 3325 1177 3382 honestius
1191 3345 1267 3400 egere
1279 3329 1385 3402 sepiens
1400 3327 1443 3383 di·

375 3430 440 3486 peoe
453 3419 562 3481 egerent
572 3425 633 3460 eum
646 3425 717 3477 rege.
732 3405 825 3458 missos
838 3405 885 3458 ci·
927 3402 1009 3472 dicit,
1034 3405 1135 3478 legibus
1154 3407 1304 3462 christianis
1328 3409 1443 3464 meliore

375 3485 885 3557 oerorefert,eddens,illoromstetum
927 3483 1046 3539 edoctus.

375 3571 409 3627 ed
425 3587 502 3625 suum
520 3585 603 3639 usque
618 3579 721 3638 tempus
738 3565 839 3618 stetisse
856 3564 884 3616 in
970 3565 1442 3641 3.M.Flovius.1tePigh.exWincb.

374 3650 474 3708 merie.
928 3643 1025 3711 edidit,
1039 3657 1116 3718 atque
1126 3647 1161 3700 ite
1172 3647 1320 3720 appelletur
1329 3667 1343 3700 e
1351 3647 1441 3702 Livio.

417 3751 443 3785 2.
454 3729 527 3782 lusti.
541 3726 570 3780 si
584 3725 650 3780 nitio
665 3722 736 3778 idem
749 3724 796 3788 sit,
811 3721 884 3796 qood
929 3725 1024 3778 Ceteri
1034 3725 1069 3778 M.
1081 3725 1190 3780 Fuluiis.
1202 3758 1242 3768 -
1250 3727 1352 3780 Retulit.
1363 3730 1395 3781 A.
1405 3728 1443 3782 U.

369 3807 574 3887 justitiandum,
582 3803 688 3859 leudem
698 3816 830 3859 meretur:
839 3801 884 3858 ted
930 3805 996 3867 sto.
1012 3805 1070 3858 Liv.
1087 3805 1169 3873 VIII,
1188 3805 1234 3878 37.
1243 3838 1283 3850 -
1294 3807 1442 3862 Rebellaws.

372 3887 691 3960 gdmodnmreprobeest,
701 3885 722 3938 si
730 3885 884 3938 botuntum
927 3883 1446 3942 Plurimihabentneteuaeumfflw-

372 3968 542 4034 udsfecmri,
551 3977 687 4036 acceptum
700 3961 837 4030 dolorem,
849 3965 885 4018 te·
926 3964 1015 4018 literni
1028 3965 1244 4039 Privernatesque
1255 3968 1359 4040 populo
1372 3987 1443 4022 rom.

372 4071 463 4110 nrum
489 4049 572 4102 instar
592 4061 763 4116 compensare
783 4063 812 4097 ee
835 4063 883 4115 par
925 4044 1025 4098 bellum
1038 4047 1091 4116 jem
1102 4045 1225 4112 seeemne,
1242 4065 1297 4100 non
1309 4067 1375 4104 vero
1388 4049 1445 4104 Iec-

372 4135 431 4210 pnri
440 4127 534 4186 referri
546 4125 691 4196 cupiemus.
705 4123 812 4178 Rectius
824 4141 882 4178 sen·
928 4125 981 4178 turi
993 4123 1102 4180 demum
1114 4125 1280 4183 videbunt.
1295 4149 1297 4154 ·
