3110 5134
359 509 410 582 9⁰
524 487 748 555 VALERII
776 487 980 554 MAXIMI
1009 487 1103 554 LIB.
1133 487 1246 554 VIII.

358 643 430 686 suos
455 615 607 686 habuisse
632 617 760 704 fertur3
782 619 828 686 sic
848 643 890 685 ue
915 631 1060 686 extrema
1084 617 1216 711 quidem
1244 617 1314 709 ejus
1335 617 1417 686 hora

358 725 536 816 agitatione
558 723 656 792 studii
674 746 778 792 vacua
796 723 866 791 filit

413 832 447 913 l..
470 831 513 898 At
531 830 742 898 Democritus
752 827 774 916 ¹,
791 853 894 923 quum
915 829 1036 898 divitiis
1055 831 1180 900 censeri
1197 843 1326 924 posset,
1344 853 1416 922 quae

358 948 457 1004 tantae
479 935 630 1018 fixerunt,
647 950 684 1004 ut
700 949 796 1030 pater
817 935 886 1027 ejus
904 937 1021 1004 Xerxis
1040 938 1197 1006 exercitui
1213 933 1348 1030 epulum
1365 933 1416 1002 da-

358 1065 395 1108 re
413 1066 453 1108 ex
475 1039 561 1110 facili
582 1043 742 1136 potuerit,
762 1065 830 1134 quo
843 1043 947 1135 magis
964 1065 1070 1111 vacuo
1084 1044 1196 1110 animo
1210 1040 1325 1110 studiis
1342 1038 1416 1108 lite-

359 1169 469 1214 rarum
497 1161 581 1216 esset
608 1149 781 1242 operatus,
805 1171 908 1242 parva
925 1147 1104 1218 admodum
1124 1170 1251 1216 summa
1273 1161 1417 1228 retenta,

358 1253 592 1344 patrimonium
614 1278 710 1321 suum
728 1254 843 1348 patrie
863 1253 1007 1322 donavit.
1031 1253 1169 1322 Athenis
1191 1267 1300 1321 autem
1323 1277 1417 1320 com-

358 1355 508 1451 pluribus
533 1361 626 1428 annis
652 1373 818 1444 moratus,
840 1360 951 1428 omnia
976 1373 1160 1454 temporum
1187 1372 1354 1431 momenta
1378 1357 1418 1424 ad

358 1463 603 1558 percipiendam
622 1479 655 1533 et
672 1464 888 1533 exercendam
910 1465 1093 1534 doctrinam
1113 1463 1301 1550 conferens,
1322 1467 1418 1556 igno-

360 1581 413 1638 tus
430 1567 476 1638 illi
489 1569 564 1638 urbi
579 1571 680 1637 vixit:
695 1569 785 1664 quod
803 1572 872 1664 ipse
886 1571 919 1637 in
933 1569 1078 1663 quodam
1093 1568 1260 1638 volumine
1271 1582 1417 1638 testatur.

360 1675 477 1768 Stupet
494 1699 587 1743 mens
608 1675 824 1744 admiratione
846 1689 945 1744 tante
966 1675 1151 1762 industrie,
1166 1689 1199 1746 et
1214 1675 1282 1768 jam
1304 1676 1421 1743 transit

360 1778 432 1848 alio.

417 1885 449 1957 5.
469 1885 677 1956 Carneades²
693 1886 877 1956 laboriosus
890 1901 924 1956 et
936 1886 1111 1956 diuturnus
1127 1887 1292 1981 sapientie
1308 1885 1420 1956 miles:

361 1991 519 2085 siquidem
546 1993 725 2086 nonaginta
753 1991 891 2086 expletis
917 1994 1028 2075 annis,
1052 1991 1138 2061 idem
1163 1991 1207 2060 illi
1229 1992 1365 2061 vivendi
1384 2017 1422 2061 ae

360 2097 614 2192 philosophandi
631 2100 704 2167 finis
722 2099 795 2168 fuit.
814 2100 865 2166 lta
883 2123 917 2166 se
938 2097 1111 2166 mirificum
1135 2097 1293 2168 doctrine
1311 2099 1422 2192 operi·

362 2203 424 2270 bus
442 2202 631 2290 addixerat,
645 2217 701 2291 ut,
716 2228 820 2297 quum
835 2203 900 2273 eibi
919 2204 1070 2298 capiendi
1088 2228 1187 2273 causa
1205 2204 1422 2288 recubuisset,

362 2309 615 2401 cogitationibus
641 2309 823 2397 inherens,
847 2334 981 2378 manum
1008 2309 1050 2378 ad
1079 2333 1227 2379 mensam
1253 2311 1426 2404 porrigere

363 2412 634 2502 oblivisceretur3
656 2416 713 2484 sed
735 2403 832 2484 eum³
849 2414 1001 2504 Melissa,
1019 2440 1118 2510 quam
1139 2417 1249 2486 uxoris
1271 2414 1344 2485 loeo
1367 2416 1422 2484 ha-

408 2655 433 2688 r.
456 2637 614 2692 Democritus.
641 2637 787 2692 Abderites.
809 2638 871 2692 Vid.
917 2651 961 2690 tur
974 2638 1015 2690 sui
1028 2637 1143 2691 insanire
1158 2647 1367 2709 computantes,
1381 2635 1425 2690 sd-

364 2715 459 2770 AElian.
476 2717 533 2781 IV,
551 2736 595 2770 ao.
616 2717 692 2788 Diog.
715 2719 801 2772 Laert.
818 2719 872 2785 IX,
916 2727 1044 2771 vocamnt
1052 2717 1254 2789 Hippocratem,
1265 2715 1299 2770 ad
1311 2735 1374 2769 eum
1385 2735 1423 2768 sa·

366 2795 411 2858 34.
419 2828 458 2838 -
467 2795 550 2849 Pater.
560 2797 641 2850 Varis
653 2798 804 2850 referuntur
817 2800 873 2869 ejus
917 2795 1035 2850 nandum
1044 2837 1051 2865 ,
1060 2797 1105 2868 qui
1116 2797 1220 2868 cognita
1228 2797 1278 2848 viri
1290 2796 1427 2867 sapientia,

363 2876 484 2928 nomina:
494 2875 684 2946 Hegesistrstus
695 2916 702 2944 ,
717 2877 873 2930 Athenocri·
917 2877 987 2949 ipsos
997 2878 1067 2930 cives
1074 2876 1210 2929 helleboro
1220 2877 1360 2929 cerebrum
1366 2894 1428 2948 pur·

364 2967 422 3018 tus,
444 2956 625 3028 Damasippus.
652 2989 690 2998 -
726 2957 770 3008 Ec
791 2958 874 3025 facili.
918 2975 980 3026 gare
999 2957 1084 3026 jussit.
1098 2955 1162 3008 vid.
1181 2955 1283 3008 Fabric.
1299 2955 1367 3008 Bibl.
1387 2973 1427 3025 gr.

364 3032 427 3086 Sine
438 3035 564 3088 molestia.
581 3038 676 3101 1v‚a,
690 3055 719 3103 ¹3
733 3036 818 3090 Tacit.
830 3039 875 3108 ng.
920 3035 973 3087 vol.
986 3036 1027 3100 II,
1043 3054 1103 3107 pag.
1118 3037 1254 3098 sot-stt.
1269 3035 1359 3086 Plures
1370 3035 1428 3103 ejus

368 3114 418 3178 1⁵,
434 3115 582 3178 naillac.
599 3117 657 3168 Cat.
674 3135 719 3186 ²7·
733 3118 877 3186 -Ορεω-
922 3113 1001 3166 miras
1016 3115 1171 3178 sententias,
1191 3135 1214 3167 e.
1229 3133 1251 3168 c.
1269 3112 1302 3165 de
1316 3112 1427 3174 atomis,

366 3203 411 3244 tau.
431 3193 483 3246 Pro
500 3212 507 3246 :
528 3207 671 3264 operamur.
686 3194 749 3246 vid.
762 3197 831 3259 VII,
846 3197 877 3260 3,
922 3195 1061 3266 assumpsit
1077 3191 1285 3265 Epicurus.Vid.
1297 3191 1382 3245 Cicer.
1393 3188 1428 3242 de

367 3273 400 3334 ὃς
409 3272 479 3334 VII,
493 3279 526 3338 4,
538 3274 564 3324 5.
579 3273 699 3326 Periaoru
710 3273 815 3345 conjicit
825 3293 878 3344 ope·
923 3273 955 3326 N.
971 3275 1004 3327 D.
1020 3275 1043 3325 1.
1061 3273 1137 3326 Obiit
1149 3274 1213 3326 clx
1229 3272 1308 3326 etatis
1322 3289 1404 3322 anno.

368 3360 472 3403 rotatus.
489 3350 644 3404 -Paerr'oe.
658 3353 812 3406 Juxtaalios
825 3355 877 3406 fra·
964 3372 990 3404 a.
1014 3353 1158 3406 Carneades.
1180 3354 1321 3424 Cyrenaeus
1338 3349 1431 3422 plrilo·

367 3427 454 3481 tribas
464 3429 518 3481 suis
526 3429 696 3484 substantiam
705 3431 817 3502 partitus
828 3446 876 3498 est,
922 3433 1035 3502 sophus,
1047 3433 1197 3486 Stoicorum
1206 3430 1360 3502 discipulus.
1373 3430 1430 3484 Cic.

367 3506 461 3577 exigua
472 3521 546 3577 parte
554 3508 604 3561 sibi
612 3523 728 3576 retenta,
741 3529 793 3582 qua
805 3529 877 3583 pere·
921 3511 1000 3565 acad.
1019 3511 1040 3564 I.

368 3607 415 3660 gre
433 3588 565 3660 proficisci
584 3603 678 3661 posset.
702 3592 832 3645 Reversus
848 3595 876 3646 in
962 3592 989 3645 3.
1015 3592 1088 3645 Eum.
1111 3593 1185 3646 Hanc
1203 3609 1297 3644 vocem
1316 3590 1433 3642 retinent

367 3668 481 3740 patriam
488 3705 497 3732 ,
505 3669 624 3722 cellulam
635 3671 664 3723 in
675 3671 755 3725 horto
765 3671 815 3724 sibi
824 3673 876 3726 ele·
920 3671 1012 3744 scripti
1023 3670 1102 3724 codd,
1114 3672 1267 3725 Periwnius
1277 3682 1366 3722 tamen
1382 3687 1435 3720 ma-

368 3747 408 3818 git
421 3747 511 3819 ibique
525 3750 686 3816 seinclusit,
699 3765 729 3804 ut
742 3771 756 3804 a
770 3753 877 3806 nemine
920 3751 952 3805 lit
966 3756 996 3804 ei.
1015 3753 1160 3805 Torrenias
1180 3769 1244 3804 vero
1259 3749 1369 3820 conjicit
1383 3767 1436 3800 ears
1543 3769 1544 3776 ¹

368 3828 548 3900 iaterpdlatus
560 3842 660 3882 nature
668 3831 877 3902 contemplandas
921 3832 1020 3885 scilicet
1030 3850 1137 3884 manum
1145 3828 1303 3892 Carneadis,
1314 3827 1390 3899 quod
1399 3827 1437 3880 illi

370 3925 476 3978 operam
490 3906 554 3960 dare
562 3910 755 3979 posset.Quum
762 3911 877 3964 materiae
923 3912 1139 3964 beneconvenire
1146 3908 1319 3963 rideturcum
1326 3925 1439 3978 sequeu-
1543 3895 1544 3920 ³

370 3987 430 4042 satis
440 3989 570 4057 preberet
579 3986 683 4040 Abdera
694 3987 820 4054 ridendo,
830 3990 878 4042 Ju·
923 3991 1003 4056 tibus,
1011 3995 1145 4044 massariis
1152 3989 1231 4043 usibeu
1238 3988 1348 4060 specht.
1357 3989 1439 4040 Recte
1543 4055 1544 4060 1

371 4067 469 4119 venalis
478 4066 513 4119 de
526 4085 558 4119 eo
570 4067 670 4120 refert:
684 4069 879 4138 «Perpetuam
923 4071 993 4124 enim
1007 4072 1092 4122 dextra
1104 4072 1201 4122 allerias
1216 4069 1248 4120 ab
1263 4069 1341 4120 altero
1358 4085 1439 4118 neces·
1543 4121 1544 4132 ,

369 4147 501 4214 pulmonem
510 4149 604 4216 agitare
616 4147 731 4201 solebat.»
746 4148 823 4202 Cives
833 4149 880 4220 igi·
923 4153 992 4202 soriis
1007 4155 1088 4221 opimi
1098 4147 1280 4213 videturdici‚
1292 4148 1369 4218 cujus
1377 4145 1442 4198 dex·
