3110 5134
390 467 458 538 128
544 466 766 534 VALERII
800 467 1008 532 MAXIMI
1041 467 1138 534 LIB.
1171 467 1284 535 vul.

383 601 429 667 tio
446 599 552 668 noctis
574 599 708 667 nuntius
727 598 894 691 pervenit,
915 621 1014 666 nemo
1031 596 1112 681 fuit,
1127 599 1183 692 qui
1203 623 1271 666 non
1291 596 1336 666 illi
1358 613 1440 668 tanr-

383 728 481 796 quam
501 704 563 772 diis
581 701 836 786 immortalibus,
853 701 943 796 apud
955 727 1049 772 sacra
1061 728 1182 772 mensae
1197 728 1264 772 suae
1280 702 1440 772 libaverit.

437 811 470 880 8.
491 813 563 878 lam
578 833 651 903 quae
663 810 697 876 in
713 811 774 878 Cn.
794 809 989 902 Pompeium
1007 823 1041 877 et
1058 807 1182 902 ampla¹
1202 823 1236 878 et
1253 833 1341 878 nova
1362 833 1439 878 con·

383 931 474 1010 gesta
488 930 578 999 suut,
595 915 672 982 hinc
688 915 875 984 assensione
892 912 1030 1001 favoris,
1048 911 1137 984 illinc
1151 913 1284 984 fremitu
1298 913 1440 1001 invidia,

382 1019 549 1092 literarum
581 1021 801 1088 monumentis
831 1019 1092 1115 obstrepuntur:
1125 1018 1242 1114 eques²
1269 1041 1441 1104 romanus,

382 1125 579 1221 proconsule
596 1128 630 1195 in
647 1127 838 1220 Hispaniam
858 1124 1016 1194 adversus
1033 1127 1233 1213 Sertorium,
1251 1127 1321 1220 pari
1338 1127 1439 1220 impe-

380 1236 431 1302 rio
453 1258 530 1302 cum
550 1234 609 1301 Pio
631 1229 767 1300 Metello
791 1231 941 1326 principe
965 1231 1105 1316 civitatis
1127 1233 1244 1300 missus
1267 1247 1337 1317 θεῖς
1359 1257 1440 1301 non-

381 1339 460 1408 dum
480 1337 582 1406 ullum
604 1339 766 1408 honorem
784 1339 987 1432 auspicatus,
1009 1337 1058 1406 bis
1077 1323 1332 1432 triumphavit³3
1352 1339 1441 1406 initia

382 1447 632 1539 magistratuum
656 1467 676 1511 a
699 1467 828 1512 summo
847 1443 986 1538 imperio
1005 1445 1113 1538 cepit3
1135 1445 1267 1512 tertium
1292 1441 1440 1512 consula·

382 1566 452 1619 tum
473 1550 606 1621 decreto
632 1564 766 1618 senatus
793 1547 880 1618 solus
902 1549 1019 1644 gessit3
1038 1548 1080 1617 de
1099 1549 1313 1635 Mithridate,
1331 1564 1365 1618 et
1384 1551 1442 1618 Ti-

382 1681 501 1750 grane,
522 1655 563 1724 de
582 1655 693 1724 multis
715 1668 871 1749 praeterea
889 1641 1061 1750 regibus⁴‚
1084 1654 1255 1750 gentibus,
1273 1654 1441 1750 plurimis·

382 1788 446 1857 que
464 1761 670 1846 civitatibus,
688 1775 721 1830 et
741 1760 950 1856 praedonibus
969 1785 1071 1829 unum
1092 1761 1185 1830 duxit
1202 1762 1419 1855 triumphum.

435 1893 468 1964 9.
489 1869 531 1956 Q.
546 1868 644 1937 etiarn
658 1851 833 1936 Catulum⁵
852 1865 994 1961 populus
1017 1891 1172 1938 romanus
1190 1891 1271 1936 voce
1288 1891 1348 1936 sua
1370 1882 1438 1936 tan·

382 1991 453 2044 tum
474 1999 542 2043 non
568 1972 609 2042 ad
636 1973 741 2042 sidera
766 1997 870 2066 usquc
894 1973 1019 2056 evexit3
1042 1997 1118 2041 nam
1137 1999 1239 2067 quum
1256 1973 1299 2042 ab
1319 1997 1360 2042 eo
1381 1998 1441 2067 pro

382 2083 495 2151 rostris
516 2083 793 2174 interrogaretur,
809 2084 843 2147 si
861 2084 896 2146 in
912 2103 979 2148 uuo
994 2073 1161 2174 Pompeio*
1173 2082 1307 2172 Magno
1325 2084 1440 2147 omnia

380 2212 542 2283 reponere
543 2201 806 2282 perseuerasset,
813 2183 993 2279 absumpto
1004 2185 1062 2254 illo
1071 2185 1284 2254 subr'tr'casus
1291 2192 1438 2269 omium,

381 2299 416 2360 in
436 2319 504 2387 quo
523 2317 617 2387 spem
633 2307 722 2359 esset
738 2291 931 2377 habitamus,
953 2315 1082 2360 summo
1101 2315 1264 2359 consensu
1281 2289 1441 2360 acclama·

382 2400 446 2486 vit,
467 2403 511 2466 In
533 2414 577 2465 te.
600 2398 678 2464 Vim
700 2395 853 2465 honorati
873 2395 989 2488 judicii
1018 2395 1262 2483 admirabilem,
1281 2395 1441 2489 siquidem

382 2506 544 2599 Magnum
556 2502 749 2596 Pompeium
762 2526 838 2570 curn
852 2500 1005 2569 omnibus
1016 2503 1232 2584 ornamentis,
1245 2526 1317 2596 quae
1330 2499 1441 2586 retuli,

382 2593 543 2678 duarum⁶
565 2605 763 2700 syllabarum
782 2606 887 2700 spatio
908 2604 1069 2676 inclusum
1088 2606 1208 2676 Catulo
1228 2602 1387 2700 aequavit!

443 2739 499 2784 ιο.
522 2717 633 2782 Potest
649 2727 682 2782 et
702 2714 748 2780 M.
768 2711 924 2781 Catonis⁷
943 2735 983 2780 ex
1002 2713 1114 2805 Cypro
1136 2736 1212 2780 cum
1232 2713 1320 2806 regio
1342 2737 1440 2806 pecu-

383 2936 464 2998 letos,
478 2932 506 2984 in
514 2929 593 2982 Marii
602 2929 731 2981 honorem
741 2925 889 2980 celebravit.
934 2938 1042 2995 negant,
1055 2938 1082 2978 et
1093 2927 1216 2980 Ciceroni
1226 2927 1354 2997 majorem
1361 2925 1443 2978 fidem

383 3017 421 3068 Ea
439 3025 517 3066 nocte
532 3029 586 3062 non
602 3007 668 3074 diis,
684 3004 729 3060 sed
742 3005 790 3057 uni
805 3005 909 3058 Mario·
935 3003 1043 3069 hahent,
1058 3006 1104 3076 qui
1118 3005 1174 3058 hnc
1190 3007 1278 3058 omnia
1293 3003 1369 3059 vidit.

383 3096 507 3148 libarunt·
976 3082 1003 3134 3.
1030 3085 1201 3154 Triumphauit.
1221 3087 1261 3138 De
1280 3085 1389 3144 Africa,
1415 3099 1442 3137 et
1547 3149 1548 3154 ¹

427 3193 453 3226 1.
468 3170 566 3240 Ampio.
582 3169 649 3232 Qun
660 3165 768 3236 exponit
783 3183 891 3236 pruser-
934 3162 1004 3214 ricto
1017 3163 1154 3228 Carbone,
1168 3162 1202 3216 de
1218 3163 1311 3231 Sicilia.

385 3257 433 3308 tim
443 3250 498 3304 Cic.
509 3247 615 3320 proleg.
625 3247 699 3298 Man.
710 3257 737 3296 et
747 3243 816 3296 Plin.
829 3243 891 3308 Vll,
976 3247 1002 3304 4.
1021 3243 1133 3312 Regibus.
1151 3245 1343 3308 Ariobarrane,
1357 3243 1443 3295 Phar-

387 3337 439 3396 26,
456 3328 501 3400 qui
521 3327 597 3378 illum
616 3343 671 3376 non
688 3321 829 3375 Alexandri
852 3324 890 3376 M.
934 3337 998 3372 nare
1015 3334 1041 3373 et
1061 3323 1221 3376 Aristobulo.
1233 3355 1273 3365 -—
1290 3321 1442 3376 Civitatibus.

385 3412 485 3472 mlum,
500 3405 545 3458 sed
552 3418 578 3457 et
584 3401 704 3456 Herculis
712 3415 737 3454 et
746 3402 836 3454 Liberi
845 3403 891 3456 Pa·
934 3401 986 3454 CM
995 3401 1093 3473 cepisse
1104 3399 1211 3468 (licitur,
1223 3403 1293 3456 inter
1306 3421 1371 3475 quas
1383 3401 1444 3454 Hie-

385 3491 433 3544 tris
450 3487 579 3556 fulgorem
594 3481 741 3552 adaequasse
755 3479 890 3548 adfluunt,
934 3481 1073 3551 rosolyms.

386 3585 468 3640 quum
482 3565 554 3638 quasi
563 3560 596 3614 de
606 3575 661 3614 toto
669 3561 734 3612 orbe
743 3559 890 3631 triurnpha-
977 3560 1002 3612 5.
1015 3559 1135 3612 Catulum.
1151 3561 1182 3611 A.
1198 3561 1232 3612 U.
1247 3562 1313 3630 687.
1327 3561 1383 3613 Cic.
1393 3580 1444 3632 pro

386 3649 429 3700 rit.
446 3647 515 3696 Anu.
532 3643 567 3694 U.
583 3645 721 3710 ⁶7⁶·692·
736 3639 891 3692 Plutarchus
934 3638 983 3707 leg.
1000 3639 1245 3704 Man.;Vellei.II,
1262 3641 1296 3693 32
1308 3659 1315 3704 ;
1328 3641 1399 3693 Plut.
1416 3642 1444 3692 in

386 3729 414 3779 in
429 3725 482 3777 vita
497 3721 626 3792 Pompeii.
935 3716 1045 3788 Pomp.;
1058 3719 1117 3770 Dio.
1134 3719 1205 3772 Cass.
1222 3719 1352 3772 xxxvl.

429 3824 454 3857 α,
469 3804 558 3875 Eques.
569 3801 647 3852 Teste
655 3797 731 3849 Livio
740 3815 781 3868 ep.
790 3797 808 3849 l.
820 3797 891 3862 XCI,
977 3801 1003 3849 6.
1018 3797 1134 3848 Duorum.
1149 3797 1200 3850 Sci.
1216 3802 1239 3848 in
1251 3811 1281 3850 te.
1294 3829 1334 3838 --
1346 3797 1444 3850 Catulo.

383 3883 607 3958 aquasmaquam
616 3888 707 3930 contra
713 3875 890 3946 proscriptum
935 3875 1057 3928 Veratius
1073 3876 1157 3946 legere
1165 3875 1256 3930 suadet
1266 3895 1273 3928 ε
1283 3878 1398 3947 Pompeio
1406 3909 1446 3919 -

385 3963 530 4017 Domitium
547 3971 574 4010 et
588 3956 712 4008 Hiarbam
727 3955 754 4007 in
768 3955 893 4024 Africam,
937 3953 1049 4006 curuum
1064 3959 1174 4026 oequuur‘t.
1196 3957 1313 4008 Frustra.

383 4043 429 4096 sed
443 4054 557 4115 quaestor,
572 4055 653 4108 quum
666 4032 788 4086 adversus
806 4035 892 4089 Serto·
977 4053 1003 4104 7.
1018 4034 1127 4088 Catonis.
1141 4035 1173 4086 A.
1190 4035 1224 4087 U.
1247 4039 1314 4105 697.
1331 4031 1402 4088 Plut.
1416 4035 1444 4086 in

382 4125 453 4175 rium
467 4121 622 4173 mitteretur.
634 4114 676 4169 Sic
688 4113 828 4166 Oliverins.
840 4115 891 4168 Alii
935 4113 1121 4186 vit.;Dionys.
1137 4113 1445 4170 xxxta-Pecunia.
1547 4129 1548 4144 ³
