<?xml version="1.0" encoding="UTF-8"?>
<!DOCTYPE html PUBLIC "-//W3C//DTD XHTML 1.0 Transitional//EN"
    "http://www.w3.org/TR/xhtml1/DTD/xhtml1-transitional.dtd">
<html xmlns="http://www.w3.org/1999/xhtml" xml:lang="en" lang="en">
 <head>
  <title>
</title>
<meta http-equiv="Content-Type" content="text/html;charset=utf-8" />
  <meta name='ocr-system' content='tesseract 3.04.00' />
  <meta name='ocr-capabilities' content='ocr_page ocr_carea ocr_par ocr_line ocrx_word'/>
</head>
<body>
  <div class='ocr_page' id='page_1' title='image "./valeriusmaximus00lykogoog_0158.png"; bbox 0 0 3110 5134; ppageno 0'>
   <div class='ocr_carea' id='block_1_1' title="bbox 244 519 1292 654">
    <p class='ocr_par' dir='ltr' id='par_1_1' title="bbox 244 519 1292 654">
     <span class='ocr_line' id='line_1_1' title="bbox 244 519 1292 654; baseline 0.003 -45"><span class='ocrx_word' id='word_1_1' title='bbox 244 542 351 610; x_wconf 76' lang='lat' dir='ltr'><strong>ese.</strong></span> <span class='ocrx_word' id='word_1_2' title='bbox 379 543 411 626; x_wconf 90' lang='lat'><strong>1,</strong></span> <span class='ocrx_word' id='word_1_3' title='bbox 438 519 506 608; x_wconf 84' lang='lat' dir='ltr'><strong>na</strong></span> <span class='ocrx_word' id='word_1_4' title='bbox 534 540 781 608; x_wconf 75' lang='lat' dir='ltr'><strong>tunnam</strong></span> <span class='ocrx_word' id='word_1_5' title='bbox 808 541 870 608; x_wconf 82' lang='lat' dir='ltr'><strong>nr</strong></span> <span class='ocrx_word' id='word_1_6' title='bbox 897 542 1057 609; x_wconf 78' lang='lat' dir='ltr'><strong>marn.</strong></span> <span class='ocrx_word' id='word_1_7' title='bbox 1113 545 1177 628; x_wconf 72' lang='lat' dir='ltr'><strong>{dt</strong></span> <span class='ocrx_word' id='word_1_8' title='bbox 1285 639 1292 654; x_wconf 83' lang='lat'><strong>.</strong></span> 
     </span>
    </p>
   </div>
   <div class='ocr_carea' id='block_1_2' title="bbox 120 669 1185 1191">
    <p class='ocr_par' dir='ltr' id='par_1_2' title="bbox 120 669 1185 1191">
     <span class='ocr_line' id='line_1_2' title="bbox 123 669 1183 766; baseline -0.001 -24"><span class='ocrx_word' id='word_1_9' title='bbox 123 672 292 742; x_wconf 89' lang='lat' dir='ltr'><strong>bescendis</strong></span> <span class='ocrx_word' id='word_1_10' title='bbox 310 671 459 742; x_wconf 84' lang='lat' dir='ltr'>cladibus</span> <span class='ocrx_word' id='word_1_11' title='bbox 478 669 718 765; x_wconf 85' lang='lat' dir='ltr'><strong>implicarunt¹.</strong></span> <span class='ocrx_word' id='word_1_12' title='bbox 739 673 820 738; x_wconf 85' lang='lat' dir='ltr'><strong>Erat</strong></span> <span class='ocrx_word' id='word_1_13' title='bbox 834 670 1008 766; x_wconf 86' lang='lat' dir='ltr'><strong>opulenta,</strong></span> <span class='ocrx_word' id='word_1_14' title='bbox 1026 688 1097 743; x_wconf 87' lang='lat' dir='ltr'><strong>erat</strong></span> <span class='ocrx_word' id='word_1_15' title='bbox 1114 701 1183 742; x_wconf 91' lang='lat' dir='ltr'><strong>mo-</strong></span> 
     </span>
     <span class='ocr_line' id='line_1_3' title="bbox 122 775 1183 873; baseline 0.003 -26"><span class='ocrx_word' id='word_1_16' title='bbox 122 780 209 848; x_wconf 85' lang='lat' dir='ltr'><strong>ribus</strong></span> <span class='ocrx_word' id='word_1_17' title='bbox 230 794 265 848; x_wconf 89' lang='lat' dir='ltr'><strong>et</strong></span> <span class='ocrx_word' id='word_1_18' title='bbox 282 777 410 873; x_wconf 86' lang='lat' dir='ltr'><strong>legibus</strong></span> <span class='ocrx_word' id='word_1_19' title='bbox 429 775 580 866; x_wconf 85' lang='lat' dir='ltr'><strong>omata²,</strong></span> <span class='ocrx_word' id='word_1_20' title='bbox 598 778 762 846; x_wconf 84' lang='lat' dir='ltr'><strong>Hetruriae</strong></span> <span class='ocrx_word' id='word_1_21' title='bbox 782 791 883 871; x_wconf 89' lang='lat' dir='ltr'><strong>caput</strong></span> <span class='ocrx_word' id='word_1_22' title='bbox 906 778 1104 848; x_wconf 76' lang='lat' dir='ltr'>habebatur:</span> <span class='ocrx_word' id='word_1_23' title='bbox 1126 783 1183 850; x_wconf 91' lang='lat' dir='ltr'><strong>sed</strong></span> 
     </span>
     <span class='ocr_line' id='line_1_4' title="bbox 121 881 1181 980; baseline 0 -26"><span class='ocrx_word' id='word_1_24' title='bbox 121 899 295 980; x_wconf 83' lang='lat' dir='ltr'><strong>postquam</strong></span> <span class='ocrx_word' id='word_1_25' title='bbox 315 883 443 953; x_wconf 86' lang='lat' dir='ltr'><strong>luxuria</strong></span> <span class='ocrx_word' id='word_1_26' title='bbox 459 881 613 978; x_wconf 89' lang='lat' dir='ltr'><strong>prolapsa</strong></span> <span class='ocrx_word' id='word_1_27' title='bbox 630 897 699 969; x_wconf 89' lang='lat' dir='ltr'><strong>est,</strong></span> <span class='ocrx_word' id='word_1_28' title='bbox 716 883 749 952; x_wconf 93' lang='lat' dir='ltr'><strong>in</strong></span> <span class='ocrx_word' id='word_1_29' title='bbox 768 883 971 978; x_wconf 81' lang='lat' dir='ltr'><strong>profundum</strong></span> <span class='ocrx_word' id='word_1_30' title='bbox 989 885 1181 978; x_wconf 86' lang='lat' dir='ltr'><strong>injuriarum</strong></span> 
     </span>
     <span class='ocr_line' id='line_1_5' title="bbox 120 989 1183 1085; baseline 0.004 -26"><span class='ocrx_word' id='word_1_31' title='bbox 120 1007 151 1060; x_wconf 90' lang='lat' dir='ltr'><strong>et</strong></span> <span class='ocrx_word' id='word_1_32' title='bbox 176 990 394 1085; x_wconf 81' lang='lat' dir='ltr'><strong>turpitudinis</strong></span> <span class='ocrx_word' id='word_1_33' title='bbox 424 989 564 1076; x_wconf 85' lang='lat' dir='ltr'><strong>decidit,</strong></span> <span class='ocrx_word' id='word_1_34' title='bbox 593 1004 630 1058; x_wconf 91' lang='lat' dir='ltr'><strong>ut</strong></span> <span class='ocrx_word' id='word_1_35' title='bbox 662 1013 833 1058; x_wconf 86' lang='lat' dir='ltr'><strong>servorum</strong></span> <span class='ocrx_word' id='word_1_36' title='bbox 860 1013 894 1058; x_wconf 92' lang='lat' dir='ltr'><strong>se</strong></span> <span class='ocrx_word' id='word_1_37' title='bbox 925 989 1183 1062; x_wconf 82' lang='lat' dir='ltr'><strong>insolentissimae</strong></span> 
     </span>
     <span class='ocr_line' id='line_1_6' title="bbox 121 1079 1185 1191; baseline 0.004 -27"><span class='ocrx_word' id='word_1_38' title='bbox 121 1097 337 1166; x_wconf 82' lang='lat' dir='ltr'><strong>dominationi</strong></span> <span class='ocrx_word' id='word_1_39' title='bbox 355 1097 550 1190; x_wconf 80' lang='lat' dir='ltr'><strong>subjiceret3</strong></span> <span class='ocrx_word' id='word_1_40' title='bbox 569 1079 644 1189; x_wconf 80' lang='lat' dir='ltr'><strong>qui³</strong></span> <span class='ocrx_word' id='word_1_41' title='bbox 663 1095 806 1190; x_wconf 88' lang='lat' dir='ltr'><strong>primum</strong></span> <span class='ocrx_word' id='word_1_42' title='bbox 825 1093 1003 1165; x_wconf 82' lang='lat' dir='ltr'><strong>admodum</strong></span> <span class='ocrx_word' id='word_1_43' title='bbox 1024 1100 1121 1191; x_wconf 89' lang='lat' dir='ltr'><strong>pauci</strong></span> <span class='ocrx_word' id='word_1_44' title='bbox 1139 1125 1185 1168; x_wconf 88' lang='lat' dir='ltr'><strong>se-</strong></span> 
     </span>
    </p>
   </div>
   <div class='ocr_carea' id='block_1_3' title="bbox 116 1202 1184 2570">
    <p class='ocr_par' dir='ltr' id='par_1_3' title="bbox 116 1202 1184 1932">
     <span class='ocr_line' id='line_1_7' title="bbox 121 1202 1184 1298; baseline 0.004 -28"><span class='ocrx_word' id='word_1_45' title='bbox 121 1205 286 1286; x_wconf 88' lang='lat' dir='ltr'><strong>natorium</strong></span> <span class='ocrx_word' id='word_1_46' title='bbox 301 1202 451 1271; x_wconf 85' lang='lat' dir='ltr'><strong>ordinem</strong></span> <span class='ocrx_word' id='word_1_47' title='bbox 469 1204 592 1270; x_wconf 88' lang='lat' dir='ltr'><strong>intrare</strong></span> <span class='ocrx_word' id='word_1_48' title='bbox 608 1203 697 1285; x_wconf 85' lang='lat' dir='ltr'><strong>ausi,</strong></span> <span class='ocrx_word' id='word_1_49' title='bbox 715 1225 793 1270; x_wconf 89' lang='lat' dir='ltr'><strong>mox</strong></span> <span class='ocrx_word' id='word_1_50' title='bbox 808 1202 995 1272; x_wconf 90' lang='lat' dir='ltr'><strong>universam</strong></span> <span class='ocrx_word' id='word_1_51' title='bbox 1009 1205 1184 1298; x_wconf 90' lang='lat' dir='ltr'><strong>rempubli-</strong></span> 
     </span>
     <span class='ocr_line' id='line_1_8' title="bbox 121 1305 1182 1404; baseline 0.002 -27"><span class='ocrx_word' id='word_1_52' title='bbox 121 1333 191 1377; x_wconf 88' lang='lat' dir='ltr'><strong>cam</strong></span> <span class='ocrx_word' id='word_1_53' title='bbox 213 1323 472 1404; x_wconf 89' lang='lat' dir='ltr'><strong>occupaverunt.</strong></span> <span class='ocrx_word' id='word_1_54' title='bbox 489 1310 699 1377; x_wconf 83' lang='lat' dir='ltr'><strong>Testamenta</strong></span> <span class='ocrx_word' id='word_1_55' title='bbox 717 1307 760 1375; x_wconf 89' lang='lat' dir='ltr'><strong>ad</strong></span> <span class='ocrx_word' id='word_1_56' title='bbox 776 1305 947 1377; x_wconf 83' lang='lat' dir='ltr'><strong>arbitrium</strong></span> <span class='ocrx_word' id='word_1_57' title='bbox 967 1333 1064 1378; x_wconf 89' lang='lat' dir='ltr'><strong>suurn</strong></span> <span class='ocrx_word' id='word_1_58' title='bbox 1084 1311 1182 1380; x_wconf 83' lang='lat' dir='ltr'><strong>scribi</strong></span> 
     </span>
     <span class='ocr_line' id='line_1_9' title="bbox 116 1413 1182 1508; baseline 0.002 -24"><span class='ocrx_word' id='word_1_59' title='bbox 116 1415 297 1508; x_wconf 84' lang='lat' dir='ltr'><strong>jubebant,</strong></span> <span class='ocrx_word' id='word_1_60' title='bbox 317 1416 468 1484; x_wconf 87' lang='lat' dir='ltr'><strong>convivia</strong></span> <span class='ocrx_word' id='word_1_61' title='bbox 486 1427 656 1507; x_wconf 88' lang='lat' dir='ltr'><strong>coetusque</strong></span> <span class='ocrx_word' id='word_1_62' title='bbox 678 1415 897 1508; x_wconf 84' lang='lat' dir='ltr'><strong>ingenuorum</strong></span> <span class='ocrx_word' id='word_1_63' title='bbox 917 1413 989 1484; x_wconf 91' lang='lat' dir='ltr'><strong>fieri</strong></span> <span class='ocrx_word' id='word_1_64' title='bbox 1009 1413 1182 1504; x_wconf 87' lang='lat' dir='ltr'><strong>vetabant,</strong></span> 
     </span>
     <span class='ocr_line' id='line_1_10' title="bbox 121 1519 1182 1592; baseline 0.004 -3"><span class='ocrx_word' id='word_1_65' title='bbox 121 1520 200 1590; x_wconf 89' lang='lat' dir='ltr'><strong>filias</strong></span> <span class='ocrx_word' id='word_1_66' title='bbox 227 1521 438 1590; x_wconf 88' lang='lat' dir='ltr'><strong>dominorum</strong></span> <span class='ocrx_word' id='word_1_67' title='bbox 466 1521 499 1589; x_wconf 90' lang='lat' dir='ltr'><strong>iu</strong></span> <span class='ocrx_word' id='word_1_68' title='bbox 528 1519 772 1588; x_wconf 90' lang='lat' dir='ltr'><strong>matrimonium</strong></span> <span class='ocrx_word' id='word_1_69' title='bbox 804 1519 980 1589; x_wconf 80' lang='lat' dir='ltr'><strong>ducebant.</strong></span> <span class='ocrx_word' id='word_1_70' title='bbox 1012 1523 1182 1592; x_wconf 87' lang='lat' dir='ltr'><strong>Postremo</strong></span> 
     </span>
     <span class='ocr_line' id='line_1_11' title="bbox 120 1624 1183 1723; baseline 0.004 -29"><span class='ocrx_word' id='word_1_71' title='bbox 120 1625 190 1722; x_wconf 83' lang='lat' dir='ltr'><strong>lege</strong></span> <span class='ocrx_word' id='word_1_72' title='bbox 212 1642 409 1714; x_wconf 87' lang='lat' dir='ltr'><strong>sanxerunt,</strong></span> <span class='ocrx_word' id='word_1_73' title='bbox 431 1641 468 1696; x_wconf 90' lang='lat' dir='ltr'><strong>ut</strong></span> <span class='ocrx_word' id='word_1_74' title='bbox 485 1640 599 1720; x_wconf 90' lang='lat' dir='ltr'><strong>stupra</strong></span> <span class='ocrx_word' id='word_1_75' title='bbox 617 1649 677 1694; x_wconf 90' lang='lat' dir='ltr'><strong>sua</strong></span> <span class='ocrx_word' id='word_1_76' title='bbox 692 1627 728 1693; x_wconf 76' lang='lat' dir='ltr'><strong>&#39;in</strong></span> <span class='ocrx_word' id='word_1_77' title='bbox 747 1624 852 1694; x_wconf 90' lang='lat' dir='ltr'><strong>viduis</strong></span> <span class='ocrx_word' id='word_1_78' title='bbox 872 1627 1051 1719; x_wconf 81' lang='lat' dir='ltr'><strong>pariterue</strong></span> <span class='ocrx_word' id='word_1_79' title='bbox 1072 1631 1183 1723; x_wconf 87' lang='lat' dir='ltr'><strong>nuptis</strong></span> 
     </span>
     <span class='ocr_line' id='line_1_12' title="bbox 121 1719 1180 1829; baseline 0.006 -30"><span class='ocrx_word' id='word_1_80' title='bbox 121 1735 283 1828; x_wconf 89' lang='lat' dir='ltr'><strong>impunita</strong></span> <span class='ocrx_word' id='word_1_81' title='bbox 296 1747 421 1818; x_wconf 81' lang='lat' dir='ltr'><strong>essent3</strong></span> <span class='ocrx_word' id='word_1_82' title='bbox 436 1758 474 1802; x_wconf 87' lang='lat' dir='ltr'><strong>ac</strong></span> <span class='ocrx_word' id='word_1_83' title='bbox 488 1757 530 1800; x_wconf 92' lang='lat' dir='ltr'><strong>ne</strong></span> <span class='ocrx_word' id='word_1_84' title='bbox 544 1756 611 1828; x_wconf 88' lang='lat' dir='ltr'><strong>qua</strong></span> <span class='ocrx_word' id='word_1_85' title='bbox 621 1731 719 1826; x_wconf 83' lang='lat' dir='ltr'><strong>virgo</strong></span> <span class='ocrx_word' id='word_1_86' title='bbox 733 1719 899 1825; x_wconf 68' lang='lat' dir='ltr'><strong>ingenu0⁴</strong></span> <span class='ocrx_word' id='word_1_87' title='bbox 914 1733 1070 1819; x_wconf 85' lang='lat' dir='ltr'><strong>nuberet,</strong></span> <span class='ocrx_word' id='word_1_88' title='bbox 1087 1735 1180 1829; x_wconf 90' lang='lat' dir='ltr'><strong>cujus</strong></span> 
     </span>
     <span class='ocr_line' id='line_1_13' title="bbox 120 1835 1180 1932; baseline 0.003 -24"><span class='ocrx_word' id='word_1_89' title='bbox 120 1841 305 1908; x_wconf 87' lang='lat' dir='ltr'><strong>castitatem</strong></span> <span class='ocrx_word' id='word_1_90' title='bbox 322 1864 390 1908; x_wconf 91' lang='lat' dir='ltr'><strong>non</strong></span> <span class='ocrx_word' id='word_1_91' title='bbox 402 1853 478 1908; x_wconf 88' lang='lat' dir='ltr'><strong>ante</strong></span> <span class='ocrx_word' id='word_1_92' title='bbox 493 1863 534 1907; x_wconf 88' lang='lat' dir='ltr'><strong>ex</strong></span> <span class='ocrx_word' id='word_1_93' title='bbox 548 1861 689 1906; x_wconf 91' lang='lat' dir='ltr'><strong>numero</strong></span> <span class='ocrx_word' id='word_1_94' title='bbox 702 1838 848 1932; x_wconf 90' lang='lat' dir='ltr'><strong>ipsorum</strong></span> <span class='ocrx_word' id='word_1_95' title='bbox 866 1835 983 1932; x_wconf 91' lang='lat' dir='ltr'><strong>aliquis</strong></span> <span class='ocrx_word' id='word_1_96' title='bbox 997 1839 1180 1911; x_wconf 87' lang='lat' dir='ltr'><strong>delibasset.</strong></span> 
     </span>
    </p>

    <p class='ocr_par' dir='ltr' id='par_1_4' title="bbox 122 1929 1183 2358">
     <span class='ocr_line' id='line_1_14' title="bbox 173 1929 1183 2041; baseline 0.001 -25"><span class='ocrx_word' id='word_1_97' title='bbox 173 1943 207 2016; x_wconf 83' lang='grc'><strong>3.</strong></span> <span class='ocrx_word' id='word_1_98' title='bbox 236 1947 325 2041; x_wconf 77' lang='lat' dir='ltr'><strong>Age,</strong></span> <span class='ocrx_word' id='word_1_99' title='bbox 342 1929 490 2014; x_wconf 82' lang='lat' dir='ltr'><strong>Xerxes⁵</strong></span> <span class='ocrx_word' id='word_1_100' title='bbox 509 1969 610 2039; x_wconf 91' lang='lat' dir='ltr'><strong>opum</strong></span> <span class='ocrx_word' id='word_1_101' title='bbox 630 1943 795 2038; x_wconf 83' lang='lat' dir='ltr'><strong>regiarum</strong></span> <span class='ocrx_word' id='word_1_102' title='bbox 814 1946 1033 2014; x_wconf 86' lang='lat' dir='ltr'><strong>ostentatione</strong></span> <span class='ocrx_word' id='word_1_103' title='bbox 1047 1949 1183 2034; x_wconf 83' lang='lat' dir='ltr'><strong>eximia,</strong></span> 
     </span>
     <span class='ocr_line' id='line_1_15' title="bbox 122 2047 1181 2148; baseline 0.004 -29"><span class='ocrx_word' id='word_1_104' title='bbox 122 2076 158 2119; x_wconf 87' lang='lat' dir='ltr'><strong>eo</strong></span> <span class='ocrx_word' id='word_1_105' title='bbox 179 2076 285 2146; x_wconf 90' lang='lat' dir='ltr'><strong>usque</strong></span> <span class='ocrx_word' id='word_1_106' title='bbox 304 2050 432 2121; x_wconf 88' lang='lat' dir='ltr'><strong>luxuria</strong></span> <span class='ocrx_word' id='word_1_107' title='bbox 449 2049 613 2148; x_wconf 76' lang='lat' dir='ltr'><strong>gaudem,</strong></span> <span class='ocrx_word' id='word_1_108' title='bbox 633 2063 670 2117; x_wconf 92' lang='lat' dir='ltr'><strong>ut</strong></span> <span class='ocrx_word' id='word_1_109' title='bbox 686 2047 794 2118; x_wconf 88' lang='lat' dir='ltr'><strong>edicto</strong></span> <span class='ocrx_word' id='word_1_110' title='bbox 814 2051 985 2144; x_wconf 78' lang='lat' dir='ltr'><strong>praemium</strong></span> <span class='ocrx_word' id='word_1_111' title='bbox 1008 2053 1037 2120; x_wconf 91' lang='lat' dir='ltr'><strong>ei</strong></span> <span class='ocrx_word' id='word_1_112' title='bbox 1056 2078 1181 2148; x_wconf 93' lang='lat' dir='ltr'><strong>propo·</strong></span> 
     </span>
     <span class='ocr_line' id='line_1_16' title="bbox 122 2156 1180 2252; baseline 0.004 -28"><span class='ocrx_word' id='word_1_113' title='bbox 122 2172 226 2246; x_wconf 89' lang='lat' dir='ltr'><strong>neret,</strong></span> <span class='ocrx_word' id='word_1_114' title='bbox 241 2159 299 2252; x_wconf 90' lang='lat' dir='ltr'><strong>qui</strong></span> <span class='ocrx_word' id='word_1_115' title='bbox 315 2183 439 2226; x_wconf 82' lang='lat' dir='ltr'><strong>novum</strong></span> <span class='ocrx_word' id='word_1_116' title='bbox 449 2156 628 2252; x_wconf 80' lang='lat' dir='ltr'><strong>voluptatis</strong></span> <span class='ocrx_word' id='word_1_117' title='bbox 637 2180 741 2250; x_wconf 84' lang='lat' dir='ltr'><strong>genus</strong></span> <span class='ocrx_word' id='word_1_118' title='bbox 750 2157 939 2250; x_wconf 84' lang='lat' dir='ltr'><strong>reperisset,</strong></span> <span class='ocrx_word' id='word_1_119' title='bbox 951 2173 1089 2252; x_wconf 88' lang='lat' dir='ltr'><strong>quanta,</strong></span> <span class='ocrx_word' id='word_1_120' title='bbox 1102 2160 1180 2230; x_wconf 88' lang='lat' dir='ltr'><strong>dum</strong></span> 
     </span>
     <span class='ocr_line' id='line_1_17' title="bbox 122 2259 1126 2358; baseline 0.004 -28"><span class='ocrx_word' id='word_1_121' title='bbox 122 2261 241 2332; x_wconf 88' lang='lat' dir='ltr'><strong>deliciis</strong></span> <span class='ocrx_word' id='word_1_122' title='bbox 256 2265 364 2333; x_wconf 87' lang='lat' dir='ltr'><strong>nimiis</strong></span> <span class='ocrx_word' id='word_1_123' title='bbox 381 2264 525 2358; x_wconf 87' lang='lat' dir='ltr'><strong>capitur,</strong></span> <span class='ocrx_word' id='word_1_124' title='bbox 540 2259 731 2356; x_wconf 86' lang='lat' dir='ltr'><strong>amplissimi</strong></span> <span class='ocrx_word' id='word_1_125' title='bbox 746 2262 874 2356; x_wconf 89' lang='lat' dir='ltr'><strong>imperii</strong></span> <span class='ocrx_word' id='word_1_126' title='bbox 891 2264 985 2331; x_wconf 90' lang='lat' dir='ltr'><strong>ruina</strong></span> <span class='ocrx_word' id='word_1_127' title='bbox 1000 2263 1126 2334; x_wconf 82' lang='lat' dir='ltr'><strong>evasit?</strong></span> 
     </span>
    </p>

    <p class='ocr_par' dir='ltr' id='par_1_5' title="bbox 123 2359 1182 2570">
     <span class='ocr_line' id='line_1_18' title="bbox 172 2359 1182 2464; baseline 0.005 -27"><span class='ocrx_word' id='word_1_128' title='bbox 172 2373 205 2456; x_wconf 73' lang='grc'><strong>4.</strong></span> <span class='ocrx_word' id='word_1_129' title='bbox 235 2371 419 2440; x_wconf 83' lang='lat' dir='ltr'><strong>Antiochus</strong></span> <span class='ocrx_word' id='word_1_130' title='bbox 442 2395 574 2464; x_wconf 93' lang='lat' dir='ltr'><strong>quoque</strong></span> <span class='ocrx_word' id='word_1_131' title='bbox 592 2368 693 2462; x_wconf 84' lang='lat' dir='ltr'><strong>Syriae</strong></span> <span class='ocrx_word' id='word_1_132' title='bbox 712 2393 768 2436; x_wconf 83' lang='lat' dir='ltr'><strong>rex</strong></span> <span class='ocrx_word' id='word_1_133' title='bbox 792 2367 896 2437; x_wconf 89' lang='lat' dir='ltr'><strong>nihilo</strong></span> <span class='ocrx_word' id='word_1_134' title='bbox 914 2359 1182 2442; x_wconf 83' lang='lat' dir='ltr'><strong>continentioris⁶</strong></span> 
     </span>
     <span class='ocr_line' id='line_1_19' title="bbox 123 2472 1182 2570; baseline 0.005 -27"><span class='ocrx_word' id='word_1_135' title='bbox 123 2475 259 2570; x_wconf 76' lang='lat' dir='ltr'><strong>exempli</strong></span> <span class='ocrx_word' id='word_1_136' title='bbox 286 2501 294 2544; x_wconf 75' lang='grc' dir='ltr'><strong>ε</strong></span> <span class='ocrx_word' id='word_1_137' title='bbox 323 2475 416 2568; x_wconf 82' lang='lat' dir='ltr'><strong>cujus</strong></span> <span class='ocrx_word' id='word_1_138' title='bbox 435 2500 559 2570; x_wconf 34' lang='lat' dir='ltr'><strong>‚caecam</strong></span> <span class='ocrx_word' id='word_1_139' title='bbox 587 2488 621 2542; x_wconf 92' lang='lat' dir='ltr'><strong>et</strong></span> <span class='ocrx_word' id='word_1_140' title='bbox 643 2487 809 2542; x_wconf 88' lang='lat' dir='ltr'><strong>amentem</strong></span> <span class='ocrx_word' id='word_1_141' title='bbox 831 2472 993 2544; x_wconf 83' lang='lat' dir='ltr'><strong>luxuriam</strong></span> <span class='ocrx_word' id='word_1_142' title='bbox 1021 2481 1182 2548; x_wconf 82' lang='lat' dir='ltr'><strong>exercitus</strong></span> 
     </span>
    </p>
   </div>
   <div class='ocr_carea' id='block_1_4' title="bbox 108 2668 1180 4181">
    <p class='ocr_par' dir='ltr' id='par_1_6' title="bbox 121 2668 1180 2903">
     <span class='ocr_line' id='line_1_20' title="bbox 161 2668 1180 2749; baseline -0.008 -19"><span class='ocrx_word' id='word_1_143' title='bbox 161 2697 186 2730; x_wconf 86' lang='lat'><strong>1.</strong></span> <span class='ocrx_word' id='word_1_144' title='bbox 199 2678 363 2749; x_wconf 76' lang='lat' dir='ltr'><strong>implicarunt.</strong></span> <span class='ocrx_word' id='word_1_145' title='bbox 378 2676 410 2727; x_wconf 82' lang='grc' dir='ltr'><strong>Α.</strong></span> <span class='ocrx_word' id='word_1_146' title='bbox 421 2668 456 2728; x_wconf 83' lang='lat' dir='ltr'><strong>ll.</strong></span> <span class='ocrx_word' id='word_1_147' title='bbox 471 2675 536 2738; x_wconf 69' lang='lat' dir='ltr'><strong>rat.</strong></span> <span class='ocrx_word' id='word_1_148' title='bbox 549 2673 627 2726; x_wconf 85' lang='lat' dir='ltr'><strong>Oros.</strong></span> <span class='ocrx_word' id='word_1_149' title='bbox 671 2685 758 2725; x_wconf 84' lang='lat' dir='ltr'><strong>tamen</strong></span> <span class='ocrx_word' id='word_1_150' title='bbox 771 2670 866 2726; x_wconf 80' lang='lat' dir='ltr'><strong>dehac</strong></span> <span class='ocrx_word' id='word_1_151' title='bbox 878 2674 993 2727; x_wconf 84' lang='lat' dir='ltr'><strong>luxuria.</strong></span> <span class='ocrx_word' id='word_1_152' title='bbox 1006 2673 1059 2728; x_wconf 90' lang='lat' dir='ltr'><strong>Sed</strong></span> <span class='ocrx_word' id='word_1_153' title='bbox 1073 2677 1180 2732; x_wconf 58' lang='lat' dir='ltr'><strong>Gletes.</strong></span> 
     </span>
     <span class='ocr_line' id='line_1_21' title="bbox 121 2751 1178 2824; baseline 0.003 -17"><span class='ocrx_word' id='word_1_154' title='bbox 121 2757 168 2824; x_wconf 84' lang='lat' dir='ltr'><strong>IV,</strong></span> <span class='ocrx_word' id='word_1_155' title='bbox 179 2757 348 2821; x_wconf 80' lang='lat' dir='ltr'><strong>5;Zousras;</strong></span> <span class='ocrx_word' id='word_1_156' title='bbox 358 2755 430 2808; x_wconf 85' lang='lat' dir='ltr'><strong>Flor.</strong></span> <span class='ocrx_word' id='word_1_157' title='bbox 439 2755 465 2818; x_wconf 90' lang='lat'><strong>1,</strong></span> <span class='ocrx_word' id='word_1_158' title='bbox 477 2753 627 2820; x_wconf 68' lang='lat' dir='ltr'><strong>uuhurel.</strong></span> <span class='ocrx_word' id='word_1_159' title='bbox 670 2771 721 2804; x_wconf 91' lang='lat' dir='ltr'><strong>nus</strong></span> <span class='ocrx_word' id='word_1_160' title='bbox 729 2753 948 2822; x_wconf 82' lang='lat' dir='ltr'><strong>putstValerium</strong></span> <span class='ocrx_word' id='word_1_161' title='bbox 955 2751 990 2807; x_wconf 87' lang='lat' dir='ltr'><strong>de</strong></span> <span class='ocrx_word' id='word_1_162' title='bbox 997 2754 1086 2808; x_wconf 85' lang='lat' dir='ltr'><strong>Xerxe</strong></span> <span class='ocrx_word' id='word_1_163' title='bbox 1095 2757 1178 2810; x_wconf 83' lang='lat' dir='ltr'><strong>altero</strong></span> 
     </span>
     <span class='ocr_line' id='line_1_22' title="bbox 123 2831 1178 2903; baseline 0.004 -17"><span class='ocrx_word' id='word_1_164' title='bbox 123 2836 191 2890; x_wconf 84' lang='lat' dir='ltr'><strong>Vict.</strong></span> <span class='ocrx_word' id='word_1_165' title='bbox 206 2838 253 2891; x_wconf 78' lang='lat'><strong>36.</strong></span> <span class='ocrx_word' id='word_1_166' title='bbox 668 2831 764 2903; x_wconf 91' lang='lat' dir='ltr'><strong>loqui,</strong></span> <span class='ocrx_word' id='word_1_167' title='bbox 783 2832 830 2903; x_wconf 84' lang='lat' dir='ltr'><strong>qui</strong></span> <span class='ocrx_word' id='word_1_168' title='bbox 851 2831 901 2884; x_wconf 88' lang='lat' dir='ltr'><strong>luit</strong></span> <span class='ocrx_word' id='word_1_169' title='bbox 919 2831 1026 2886; x_wconf 80' lang='lat' dir='ltr'><strong>octavus</strong></span> <span class='ocrx_word' id='word_1_170' title='bbox 1040 2835 1178 2890; x_wconf 81' lang='lat' dir='ltr'><strong>Persarum</strong></span> 
     </span>
    </p>

    <p class='ocr_par' dir='ltr' id='par_1_7' title="bbox 120 2912 1179 3302">
     <span class='ocr_line' id='line_1_23' title="bbox 164 2912 1177 2982; baseline 0 -13"><span class='ocrx_word' id='word_1_171' title='bbox 164 2936 190 2969; x_wconf 83' lang='lat' dir='ltr'><strong>s.</strong></span> <span class='ocrx_word' id='word_1_172' title='bbox 209 2917 311 2969; x_wconf 81' lang='lat' dir='ltr'><strong>Ornata.</strong></span> <span class='ocrx_word' id='word_1_173' title='bbox 334 2914 402 2976; x_wconf 80' lang='lat' dir='ltr'><strong>Alii,</strong></span> <span class='ocrx_word' id='word_1_174' title='bbox 420 2913 548 2976; x_wconf 79' lang='lat' dir='ltr'><strong>ordinatu,</strong></span> <span class='ocrx_word' id='word_1_175' title='bbox 570 2912 588 2965; x_wconf 93' lang='lat' dir='ltr'><strong>i.</strong></span> <span class='ocrx_word' id='word_1_176' title='bbox 602 2930 627 2982; x_wconf 76' lang='lat' dir='ltr'><strong>e.</strong></span> <span class='ocrx_word' id='word_1_177' title='bbox 670 2929 716 2964; x_wconf 82' lang='lat' dir='ltr'><strong>rex</strong></span> <span class='ocrx_word' id='word_1_178' title='bbox 735 2923 795 2981; x_wconf 84' lang='lat' dir='ltr'><strong>post</strong></span> <span class='ocrx_word' id='word_1_179' title='bbox 813 2912 922 2982; x_wconf 88' lang='lat' dir='ltr'><strong>Cyrum.</strong></span> <span class='ocrx_word' id='word_1_180' title='bbox 938 2944 978 2955; x_wconf 90' lang='lat'><strong>·-</strong></span> <span class='ocrx_word' id='word_1_181' title='bbox 991 2913 1098 2966; x_wconf 75' lang='lat' dir='ltr'><strong>Eximio.</strong></span> <span class='ocrx_word' id='word_1_182' title='bbox 1113 2916 1177 2970; x_wconf 84' lang='lat' dir='ltr'><strong>Virl.</strong></span> 
     </span>
     <span class='ocr_line' id='line_1_24' title="bbox 122 2990 1179 3065; baseline -0.003 -17"><span class='ocrx_word' id='word_1_183' title='bbox 122 2995 270 3050; x_wconf 77' lang='lat' dir='ltr'><strong>consumta.</strong></span> <span class='ocrx_word' id='word_1_184' title='bbox 288 2992 369 3061; x_wconf 86' lang='lat' dir='ltr'><strong>Quod</strong></span> <span class='ocrx_word' id='word_1_185' title='bbox 390 2993 538 3065; x_wconf 72' lang='lat' dir='ltr'><strong>praetulerit</strong></span> <span class='ocrx_word' id='word_1_186' title='bbox 553 2993 627 3062; x_wconf 73' lang='grc' dir='ltr'>Καρ·</span> <span class='ocrx_word' id='word_1_187' title='bbox 671 2990 727 3044; x_wconf 90' lang='lat' dir='ltr'><strong>Cic.</strong></span> <span class='ocrx_word' id='word_1_188' title='bbox 741 2990 820 3042; x_wconf 89' lang='lat' dir='ltr'><strong>Tusc.</strong></span> <span class='ocrx_word' id='word_1_189' title='bbox 835 2991 878 3055; x_wconf 80' lang='lat' dir='ltr'><strong>V,</strong></span> <span class='ocrx_word' id='word_1_190' title='bbox 897 3009 925 3060; x_wconf 88' lang='lat'><strong>7.</strong></span> <span class='ocrx_word' id='word_1_191' title='bbox 938 3021 979 3034; x_wconf 89' lang='lat'><em>-</em></span> <span class='ocrx_word' id='word_1_192' title='bbox 995 2991 1119 3048; x_wconf 76' lang='lat' dir='ltr'><strong>Gaudere.</strong></span> <span class='ocrx_word' id='word_1_193' title='bbox 1135 2997 1179 3050; x_wconf 83' lang='lat' dir='ltr'><strong>Sic</strong></span> 
     </span>
     <span class='ocr_line' id='line_1_25' title="bbox 121 3069 1178 3146; baseline -0.008 -18"><span class='ocrx_word' id='word_1_194' title='bbox 121 3075 189 3146; x_wconf 87' lang='lat' dir='ltr'><strong>pius.</strong></span> <span class='ocrx_word' id='word_1_195' title='bbox 198 3107 237 3117; x_wconf 93' lang='lat'><strong>-—</strong></span> <span class='ocrx_word' id='word_1_196' title='bbox 250 3075 336 3146; x_wconf 80' lang='lat' dir='ltr'><strong>Caput.</strong></span> <span class='ocrx_word' id='word_1_197' title='bbox 350 3073 414 3126; x_wconf 83' lang='lat' dir='ltr'><strong>Tria</strong></span> <span class='ocrx_word' id='word_1_198' title='bbox 425 3077 505 3144; x_wconf 69' lang='grc' dir='ltr'><strong>σαρίειι</strong></span> <span class='ocrx_word' id='word_1_199' title='bbox 514 3070 628 3124; x_wconf 72' lang='lat' dir='ltr'><strong>Etruriae</strong></span> <span class='ocrx_word' id='word_1_200' title='bbox 670 3069 816 3122; x_wconf 85' lang='lat' dir='ltr'><strong>Torreuius</strong></span> <span class='ocrx_word' id='word_1_201' title='bbox 827 3070 957 3141; x_wconf 84' lang='lat' dir='ltr'><strong>reposuit,</strong></span> <span class='ocrx_word' id='word_1_202' title='bbox 968 3084 1055 3125; x_wconf 88' lang='lat' dir='ltr'><strong>motus</strong></span> <span class='ocrx_word' id='word_1_203' title='bbox 1061 3071 1178 3146; x_wconf 67' lang='lat' dir='ltr'><strong>disputa.</strong></span> 
     </span>
     <span class='ocr_line' id='line_1_26' title="bbox 120 3148 1177 3227; baseline 0.002 -19"><span class='ocrx_word' id='word_1_204' title='bbox 120 3155 220 3227; x_wconf 82' lang='lat' dir='ltr'><strong>antiqui</strong></span> <span class='ocrx_word' id='word_1_205' title='bbox 236 3174 291 3209; x_wconf 86' lang='lat' dir='ltr'><strong>esse</strong></span> <span class='ocrx_word' id='word_1_206' title='bbox 308 3155 473 3208; x_wconf 80' lang='lat' dir='ltr'><strong>voluerunt:</strong></span> <span class='ocrx_word' id='word_1_207' title='bbox 491 3152 627 3214; x_wconf 78' lang='lat' dir='ltr'><strong>Aretium,</strong></span> <span class='ocrx_word' id='word_1_208' title='bbox 670 3148 743 3202; x_wconf 86' lang='lat' dir='ltr'><strong>tione</strong></span> <span class='ocrx_word' id='word_1_209' title='bbox 750 3148 895 3215; x_wconf 80' lang='lat' dir='ltr'><strong>Perizonii,</strong></span> <span class='ocrx_word' id='word_1_210' title='bbox 906 3161 933 3202; x_wconf 89' lang='lat' dir='ltr'><strong>et</strong></span> <span class='ocrx_word' id='word_1_211' title='bbox 939 3151 1092 3206; x_wconf 77' lang='lat' dir='ltr'><strong>auctoritate</strong></span> <span class='ocrx_word' id='word_1_212' title='bbox 1101 3153 1177 3210; x_wconf 84' lang='lat' dir='ltr'><strong>MSS.</strong></span> 
     </span>
     <span class='ocr_line' id='line_1_27' title="bbox 121 3226 1176 3302; baseline 0.001 -15"><span class='ocrx_word' id='word_1_213' title='bbox 121 3235 255 3288; x_wconf 76' lang='lat' dir='ltr'><strong>Petusium</strong></span> <span class='ocrx_word' id='word_1_214' title='bbox 268 3247 296 3288; x_wconf 84' lang='lat' dir='ltr'><strong>et</strong></span> <span class='ocrx_word' id='word_1_215' title='bbox 308 3233 431 3286; x_wconf 82' lang='lat' dir='ltr'><strong>Volsinii.</strong></span> <span class='ocrx_word' id='word_1_216' title='bbox 670 3227 779 3299; x_wconf 76' lang='lat' dir='ltr'><strong>Pighius</strong></span> <span class='ocrx_word' id='word_1_217' title='bbox 793 3241 819 3281; x_wconf 90' lang='lat' dir='ltr'><strong>et</strong></span> <span class='ocrx_word' id='word_1_218' title='bbox 833 3228 876 3281; x_wconf 83' lang='lat' dir='ltr'><strong>alii</strong></span> <span class='ocrx_word' id='word_1_219' title='bbox 892 3226 1033 3283; x_wconf 87' lang='lat' dir='ltr'><strong>ediderunt</strong></span> <span class='ocrx_word' id='word_1_220' title='bbox 1046 3234 1176 3302; x_wconf 70' lang='lat' dir='ltr'><strong>gaudebat,</strong></span> 
     </span>
    </p>

    <p class='ocr_par' dir='ltr' id='par_1_8' title="bbox 116 3307 1178 3545">
     <span class='ocr_line' id='line_1_28' title="bbox 161 3307 1178 3386; baseline -0.006 -19"><span class='ocrx_word' id='word_1_221' title='bbox 161 3316 185 3369; x_wconf 80' lang='lat'><strong>3.</strong></span> <span class='ocrx_word' id='word_1_222' title='bbox 197 3316 257 3386; x_wconf 77' lang='lat' dir='ltr'><strong>Qui.</strong></span> <span class='ocrx_word' id='word_1_223' title='bbox 266 3309 522 3368; x_wconf 85' lang='lat' dir='ltr'><strong>Videnturhiluisse</strong></span> <span class='ocrx_word' id='word_1_224' title='bbox 529 3309 628 3375; x_wconf 87' lang='lat' dir='ltr'><strong>liberti,</strong></span> <span class='ocrx_word' id='word_1_225' title='bbox 670 3318 768 3379; x_wconf 84' lang='lat' dir='ltr'><strong>etpost</strong></span> <span class='ocrx_word' id='word_1_226' title='bbox 780 3311 902 3379; x_wconf 80' lang='lat' dir='ltr'><strong>reperisset</strong></span> <span class='ocrx_word' id='word_1_227' title='bbox 912 3307 1109 3365; x_wconf 82' lang='lat' dir='ltr'><strong>distinctionem</strong></span> <span class='ocrx_word' id='word_1_228' title='bbox 1123 3333 1178 3370; x_wconf 71' lang='lat' dir='ltr'><strong>ma.</strong></span> 
     </span>
     <span class='ocr_line' id='line_1_29' title="bbox 119 3386 1177 3465; baseline -0.002 -19"><span class='ocrx_word' id='word_1_229' title='bbox 119 3412 200 3465; x_wconf 81' lang='lat' dir='ltr'><strong>quum</strong></span> <span class='ocrx_word' id='word_1_230' title='bbox 219 3407 340 3448; x_wconf 82' lang='lat' dir='ltr'><strong>senatum</strong></span> <span class='ocrx_word' id='word_1_231' title='bbox 359 3393 504 3454; x_wconf 82' lang='lat' dir='ltr'><strong>intrarent,</strong></span> <span class='ocrx_word' id='word_1_232' title='bbox 521 3401 550 3442; x_wconf 91' lang='lat' dir='ltr'><strong>ut</strong></span> <span class='ocrx_word' id='word_1_233' title='bbox 566 3389 628 3444; x_wconf 82' lang='lat' dir='ltr'><strong>satis</strong></span> <span class='ocrx_word' id='word_1_234' title='bbox 669 3386 768 3440; x_wconf 75' lang='lat' dir='ltr'><strong>rimam</strong></span> <span class='ocrx_word' id='word_1_235' title='bbox 785 3401 939 3460; x_wconf 82' lang='lat' dir='ltr'><strong>posuerunt.</strong></span> <span class='ocrx_word' id='word_1_236' title='bbox 954 3421 995 3432; x_wconf 86' lang='lat'><strong>--</strong></span> <span class='ocrx_word' id='word_1_237' title='bbox 1015 3392 1103 3448; x_wconf 75' lang='lat' dir='ltr'><strong>uuna.</strong></span> <span class='ocrx_word' id='word_1_238' title='bbox 1123 3397 1177 3462; x_wconf 85' lang='lat' dir='ltr'><strong>Qui</strong></span> 
     </span>
     <span class='ocr_line' id='line_1_30' title="bbox 116 3467 1177 3545; baseline 0 -18"><span class='ocrx_word' id='word_1_239' title='bbox 116 3487 189 3545; x_wconf 77' lang='lat' dir='ltr'><strong>patet</strong></span> <span class='ocrx_word' id='word_1_240' title='bbox 203 3492 235 3527; x_wconf 83' lang='lat' dir='ltr'><strong>ex</strong></span> <span class='ocrx_word' id='word_1_241' title='bbox 248 3474 338 3527; x_wconf 85' lang='lat' dir='ltr'><strong>Floro.</strong></span> <span class='ocrx_word' id='word_1_242' title='bbox 353 3473 384 3536; x_wconf 91' lang='lat'><strong>1,</strong></span> <span class='ocrx_word' id='word_1_243' title='bbox 403 3490 448 3524; x_wconf 65' lang='grc' dir='ltr'><strong>αι,</strong></span> <span class='ocrx_word' id='word_1_244' title='bbox 670 3467 795 3538; x_wconf 86' lang='lat' dir='ltr'><strong>Neptuno</strong></span> <span class='ocrx_word' id='word_1_245' title='bbox 803 3467 918 3540; x_wconf 73' lang='lat' dir='ltr'><strong>lotique</strong></span> <span class='ocrx_word' id='word_1_246' title='bbox 927 3481 1030 3523; x_wconf 78' lang='lat' dir='ltr'><strong>catenas</strong></span> <span class='ocrx_word' id='word_1_247' title='bbox 1039 3471 1177 3544; x_wconf 85' lang='lat' dir='ltr'><strong>imponere</strong></span> 
     </span>
    </p>

    <p class='ocr_par' dir='ltr' id='par_1_9' title="bbox 111 3546 1180 3928">
     <span class='ocr_line' id='line_1_31' title="bbox 159 3546 1179 3624; baseline 0.003 -18"><span class='ocrx_word' id='word_1_248' title='bbox 159 3559 186 3616; x_wconf 73' lang='grc'><strong>4.</strong></span> <span class='ocrx_word' id='word_1_249' title='bbox 205 3555 321 3624; x_wconf 70' lang='lat' dir='ltr'><strong>Ingenuo.</strong></span> <span class='ocrx_word' id='word_1_250' title='bbox 340 3551 421 3604; x_wconf 84' lang='lat' dir='ltr'><strong>Multi</strong></span> <span class='ocrx_word' id='word_1_251' title='bbox 440 3555 552 3620; x_wconf 72' lang='lat' dir='ltr'><strong>ingerere.</strong></span> <span class='ocrx_word' id='word_1_252' title='bbox 574 3546 627 3601; x_wconf 90' lang='lat' dir='ltr'><strong>Sed</strong></span> <span class='ocrx_word' id='word_1_253' title='bbox 670 3546 785 3600; x_wconf 86' lang='lat' dir='ltr'><strong>minatus</strong></span> <span class='ocrx_word' id='word_1_254' title='bbox 793 3559 859 3609; x_wconf 82' lang='lat' dir='ltr'><strong>erat,</strong></span> <span class='ocrx_word' id='word_1_255' title='bbox 871 3548 945 3600; x_wconf 80' lang='lat' dir='ltr'><strong>brevi</strong></span> <span class='ocrx_word' id='word_1_256' title='bbox 954 3549 1009 3602; x_wconf 84' lang='lat' dir='ltr'><strong>lere</strong></span> <span class='ocrx_word' id='word_1_257' title='bbox 1017 3553 1106 3606; x_wconf 86' lang='lat' dir='ltr'><strong>omnia</strong></span> <span class='ocrx_word' id='word_1_258' title='bbox 1114 3557 1179 3608; x_wconf 83' lang='lat' dir='ltr'><strong>cmi·</strong></span> 
     </span>
     <span class='ocr_line' id='line_1_32' title="bbox 114 3624 1179 3703; baseline 0.005 -19"><span class='ocrx_word' id='word_1_259' title='bbox 114 3634 261 3686; x_wconf 81' lang='lat' dir='ltr'><strong>Torrenius</strong></span> <span class='ocrx_word' id='word_1_260' title='bbox 273 3638 375 3703; x_wconf 72' lang='lat' dir='ltr'><strong>angeriac</strong></span> <span class='ocrx_word' id='word_1_261' title='bbox 387 3629 575 3701; x_wconf 77' lang='lat' dir='ltr'><strong>significantius</strong></span> <span class='ocrx_word' id='word_1_262' title='bbox 584 3631 627 3699; x_wconf 82' lang='lat' dir='ltr'><strong>ju·</strong></span> <span class='ocrx_word' id='word_1_263' title='bbox 669 3625 712 3680; x_wconf 89' lang='lat' dir='ltr'><strong>sit.</strong></span> <span class='ocrx_word' id='word_1_264' title='bbox 725 3626 824 3680; x_wconf 74' lang='lat' dir='ltr'><strong>Confer</strong></span> <span class='ocrx_word' id='word_1_265' title='bbox 837 3624 870 3679; x_wconf 92' lang='lat' dir='ltr'><strong>de</strong></span> <span class='ocrx_word' id='word_1_266' title='bbox 887 3645 918 3680; x_wconf 90' lang='lat' dir='ltr'><strong>eo</strong></span> <span class='ocrx_word' id='word_1_267' title='bbox 935 3627 1055 3684; x_wconf 88' lang='lat' dir='ltr'><strong>Ciceron.</strong></span> <span class='ocrx_word' id='word_1_268' title='bbox 1068 3633 1179 3690; x_wconf 89' lang='lat' dir='ltr'><strong>Tuscul.</strong></span> 
     </span>
     <span class='ocr_line' id='line_1_33' title="bbox 113 3705 1024 3781; baseline -0.007 -17"><span class='ocrx_word' id='word_1_269' title='bbox 113 3711 201 3775; x_wconf 62' lang='lat' dir='ltr'><strong>dican</strong></span> <span class='ocrx_word' id='word_1_270' title='bbox 214 3726 243 3765; x_wconf 91' lang='lat' dir='ltr'><strong>ut</strong></span> <span class='ocrx_word' id='word_1_271' title='bbox 256 3711 448 3781; x_wconf 77' lang='lat' dir='ltr'><strong>subintelligas,</strong></span> <span class='ocrx_word' id='word_1_272' title='bbox 458 3711 513 3780; x_wconf 88' lang='lat' dir='ltr'><strong>ejus</strong></span> <span class='ocrx_word' id='word_1_273' title='bbox 522 3708 625 3761; x_wconf 79' lang='lat' dir='ltr'><strong>castita-</strong></span> <span class='ocrx_word' id='word_1_274' title='bbox 670 3705 705 3770; x_wconf 83' lang='lat' dir='ltr'><strong>V,</strong></span> <span class='ocrx_word' id='word_1_275' title='bbox 719 3725 745 3776; x_wconf 84' lang='lat'><strong>7,</strong></span> <span class='ocrx_word' id='word_1_276' title='bbox 759 3719 786 3760; x_wconf 84' lang='lat' dir='ltr'><strong>et</strong></span> <span class='ocrx_word' id='word_1_277' title='bbox 797 3707 837 3759; x_wconf 88' lang='lat' dir='ltr'><strong>De</strong></span> <span class='ocrx_word' id='word_1_278' title='bbox 847 3705 913 3777; x_wconf 75' lang='lat' dir='ltr'><strong>legg.</strong></span> <span class='ocrx_word' id='word_1_279' title='bbox 927 3707 966 3764; x_wconf 91' lang='lat'><strong>11.</strong></span> <span class='ocrx_word' id='word_1_280' title='bbox 983 3727 1024 3762; x_wconf 90' lang='lat' dir='ltr'><strong>ro.</strong></span> 
     </span>
     <span class='ocr_line' id='line_1_34' title="bbox 112 3785 1180 3860; baseline 0.001 -16"><span class='ocrx_word' id='word_1_281' title='bbox 112 3805 170 3846; x_wconf 86' lang='lat' dir='ltr'><strong>tem</strong></span> <span class='ocrx_word' id='word_1_282' title='bbox 178 3812 231 3846; x_wconf 91' lang='lat' dir='ltr'><strong>non</strong></span> <span class='ocrx_word' id='word_1_283' title='bbox 239 3793 318 3846; x_wconf 85' lang='lat' dir='ltr'><strong>luisse</strong></span> <span class='ocrx_word' id='word_1_284' title='bbox 324 3788 508 3853; x_wconf 86' lang='lat' dir='ltr'><strong>delibatam,ri</strong></span> <span class='ocrx_word' id='word_1_285' title='bbox 516 3787 627 3841; x_wconf 82' lang='lat' dir='ltr'><strong>nuberet</strong></span> <span class='ocrx_word' id='word_1_286' title='bbox 710 3789 737 3837; x_wconf 91' lang='lat'><strong>6.</strong></span> <span class='ocrx_word' id='word_1_287' title='bbox 749 3785 941 3839; x_wconf 81' lang='lat' dir='ltr'><strong>Continentioris.</strong></span> <span class='ocrx_word' id='word_1_288' title='bbox 951 3787 1074 3860; x_wconf 88' lang='lat' dir='ltr'><strong>Plerique</strong></span> <span class='ocrx_word' id='word_1_289' title='bbox 1080 3805 1180 3846; x_wconf 82' lang='lat' dir='ltr'><strong>contem·</strong></span> 
     </span>
     <span class='ocr_line' id='line_1_35' title="bbox 111 3865 1180 3928; baseline -0.007 -2"><span class='ocrx_word' id='word_1_290' title='bbox 111 3873 162 3924; x_wconf 84' lang='lat' dir='ltr'><strong>uni</strong></span> <span class='ocrx_word' id='word_1_291' title='bbox 177 3891 207 3925; x_wconf 84' lang='lat' dir='ltr'><strong>er</strong></span> <span class='ocrx_word' id='word_1_292' title='bbox 218 3891 356 3925; x_wconf 82' lang='lat' dir='ltr'><strong>servorum</strong></span> <span class='ocrx_word' id='word_1_293' title='bbox 369 3887 488 3922; x_wconf 86' lang='lat' dir='ltr'><strong>numero.</strong></span> <span class='ocrx_word' id='word_1_294' title='bbox 671 3865 1180 3928; x_wconf 52' lang='lat' dir='ltr'><strong>rnrtsaetcoiemrnrn.Mate-Eser.</strong></span> 
     </span>
    </p>

    <p class='ocr_par' dir='ltr' id='par_1_10' title="bbox 108 3945 1179 4181">
     <span class='ocr_line' id='line_1_36' title="bbox 156 3945 1178 4018; baseline -0.004 -12"><span class='ocrx_word' id='word_1_295' title='bbox 156 3945 625 4006; x_wconf 78' lang='lat' dir='ltr'><strong>5.Xer.res.0nrnesdeXerxeDnrii</strong></span> <span class='ocrx_word' id='word_1_296' title='bbox 666 3945 712 4014; x_wconf 84' lang='lat' dir='ltr'><strong>pli.</strong></span> <span class='ocrx_word' id='word_1_297' title='bbox 729 3946 781 3997; x_wconf 78' lang='lat' dir='ltr'><strong>An.</strong></span> <span class='ocrx_word' id='word_1_298' title='bbox 795 3945 829 3998; x_wconf 93' lang='lat' dir='ltr'><strong>U.</strong></span> <span class='ocrx_word' id='word_1_299' title='bbox 850 3946 906 3998; x_wconf 74' lang='lat'><strong>6²5</strong></span> <span class='ocrx_word' id='word_1_300' title='bbox 928 3946 991 4001; x_wconf 87' lang='lat' dir='ltr'><strong>circ.</strong></span> <span class='ocrx_word' id='word_1_301' title='bbox 1008 3947 1106 4002; x_wconf 86' lang='lat' dir='ltr'><strong>Justin.</strong></span> <span class='ocrx_word' id='word_1_302' title='bbox 1121 3951 1178 4018; x_wconf 82' lang='lat'><strong>38;</strong></span> 
     </span>
     <span class='ocr_line' id='line_1_37' title="bbox 109 4023 1178 4100; baseline -0.007 -16"><span class='ocrx_word' id='word_1_303' title='bbox 109 4032 172 4084; x_wconf 85' lang='lat' dir='ltr'><strong>lilio</strong></span> <span class='ocrx_word' id='word_1_304' title='bbox 188 4033 244 4084; x_wconf 77' lang='lat' dir='ltr'><strong>baec</strong></span> <span class='ocrx_word' id='word_1_305' title='bbox 263 4031 430 4100; x_wconf 76' lang='lat' dir='ltr'><strong>intelligunt,</strong></span> <span class='ocrx_word' id='word_1_306' title='bbox 445 4026 480 4080; x_wconf 85' lang='lat' dir='ltr'><strong>de</strong></span> <span class='ocrx_word' id='word_1_307' title='bbox 494 4028 568 4097; x_wconf 85' lang='lat' dir='ltr'><strong>cujus</strong></span> <span class='ocrx_word' id='word_1_308' title='bbox 582 4045 625 4078; x_wconf 86' lang='lat' dir='ltr'><strong>su·</strong></span> <span class='ocrx_word' id='word_1_309' title='bbox 669 4024 728 4077; x_wconf 80' lang='lat' dir='ltr'><strong>Liv.</strong></span> <span class='ocrx_word' id='word_1_310' title='bbox 744 4025 815 4077; x_wconf 85' lang='lat' dir='ltr'><strong>LIX.</strong></span> <span class='ocrx_word' id='word_1_311' title='bbox 827 4023 899 4090; x_wconf 92' lang='lat' dir='ltr'><strong>Quid</strong></span> <span class='ocrx_word' id='word_1_312' title='bbox 907 4025 1037 4078; x_wconf 81' lang='lat' dir='ltr'><strong>Hannibal</strong></span> <span class='ocrx_word' id='word_1_313' title='bbox 1047 4025 1081 4079; x_wconf 88' lang='lat' dir='ltr'><strong>de</strong></span> <span class='ocrx_word' id='word_1_314' title='bbox 1091 4031 1178 4099; x_wconf 84' lang='lat' dir='ltr'><strong>splen.</strong></span> 
     </span>
     <span class='ocr_line' id='line_1_38' title="bbox 108 4101 1179 4181; baseline -0.005 -18"><span class='ocrx_word' id='word_1_315' title='bbox 108 4111 230 4181; x_wconf 82' lang='lat' dir='ltr'><strong>per-bia,</strong></span> <span class='ocrx_word' id='word_1_316' title='bbox 262 4108 411 4179; x_wconf 84' lang='lat' dir='ltr'><strong>arrogantia</strong></span> <span class='ocrx_word' id='word_1_317' title='bbox 433 4121 459 4160; x_wconf 91' lang='lat' dir='ltr'><strong>et</strong></span> <span class='ocrx_word' id='word_1_318' title='bbox 486 4103 626 4178; x_wconf 80' lang='lat' dir='ltr'><strong>tyrannide</strong></span> <span class='ocrx_word' id='word_1_319' title='bbox 670 4101 735 4155; x_wconf 92' lang='lat' dir='ltr'><strong>dido</strong></span> <span class='ocrx_word' id='word_1_320' title='bbox 749 4104 874 4156; x_wconf 79' lang='lat' dir='ltr'><strong>Antiochi</strong></span> <span class='ocrx_word' id='word_1_321' title='bbox 887 4104 1000 4156; x_wconf 85' lang='lat' dir='ltr'><strong>exercitu</strong></span> <span class='ocrx_word' id='word_1_322' title='bbox 1015 4104 1179 4173; x_wconf 56' lang='lat' dir='ltr'><strong>dixeritne.</strong></span> 
     </span>
    </p>
   </div>
   <div class='ocr_carea' id='block_1_5' title="bbox 107 4183 857 4266">
    <p class='ocr_par' dir='ltr' id='par_1_11' title="bbox 107 4183 857 4266">
     <span class='ocr_line' id='line_1_39' title="bbox 107 4183 857 4266; baseline -0.013 -22"><span class='ocrx_word' id='word_1_323' title='bbox 107 4183 627 4266; x_wconf 78' lang='lat' dir='ltr'><strong>quummultaHerodotusseribat‚nihil</strong></span> <span class='ocrx_word' id='word_1_324' title='bbox 671 4185 769 4236; x_wconf 83' lang='lat' dir='ltr'><strong>minem</strong></span> <span class='ocrx_word' id='word_1_325' title='bbox 784 4183 857 4254; x_wconf 75' lang='lat' dir='ltr'><strong>sugit.</strong></span> 
     </span>
    </p>
   </div>
   <div class='ocr_carea' id='block_1_6' title="bbox 0 0 1560 5134">
    <p class='ocr_par' dir='ltr' id='par_1_12' title="bbox 0 0 1560 5134">
     <span class='ocr_line' id='line_1_40' title="bbox 0 0 1560 5134; baseline 0 2"><span class='ocrx_word' id='word_1_326' title='bbox 0 0 1560 5134; x_wconf 95' lang='lat' dir='ltr'><strong> </strong></span> 
     </span>
    </p>
   </div>
  </div>
 </body>
</html>
