3108 5136
345 482 419 552 218
757 481 998 570 aulanam
1071 535 1078 546 .

345 614 459 700 Ninus,
475 608 642 682 lenitatem
662 609 745 680 velle
760 609 960 704 judicantur.
977 612 1052 680 Gaii
1067 609 1145 682 dicti
1165 611 1185 678 b
1203 610 1323 704 gaudio
1346 637 1411 706 pa·

346 715 493 786 rentum¹
502 743 513 804 ;
523 715 612 804 Auli,
624 719 679 810 qui
692 715 752 788 diis
766 715 927 786 alentibus
939 730 1137 803 nascuntur3
1149 718 1270 804 Marci,
1285 720 1412 786 Martio

346 848 458 892 mense
478 823 598 918 geniti3
620 821 745 912 Publii,
761 825 818 916 qui
839 825 931 918 prius
949 822 1064 918 pupilli
1082 822 1159 892 lacti
1178 838 1291 910 erant,
1308 849 1410 918 quam

346 929 551 1025 praenomina
568 928 748 1012 haherent,
766 927 820 996 alii
839 930 956 998 ominis
975 953 1090 1016 causa,
1108 954 1147 996 ex
1162 929 1270 1024 pube;
1287 930 1412 1000 Tiberii

346 1037 483 1106 vocitari
507 1049 681 1129 coeperunt
705 1038 762 1130 qui
786 1033 829 1109 ad
853 1036 998 1110 Tiberim
1022 1033 1272 1106 nascentium-².
1296 1037 1413 1122 Titus,

345 1141 493 1212 asabino
512 1142 645 1210 nomine
661 1142 788 1210 Titurio
804 1141 919 1228 lluxit3
942 1143 1083 1238 Appius,
1099 1125 1247 1210 abbtto³
1263 1141 1413 1234 ejusdem

390 1369 414 1404 a.
431 1339 586 1420 Qui¹Noeus,
604 1351 721 1406 leuitatem
737 1351 798 1404 Gaii
813 1353 857 1418 ju·
900 1348 982 1420 idque
997 1351 1025 1402 in
1040 1351 1119 1421 primi
1132 1369 1193 1403 cum
1208 1351 1332 1404 Romanis
1345 1350 1415 1404 belli

348 1431 431 1482 dicam
442 1451 457 1481 a
466 1430 558 1499 gaudio
567 1443 692 1500 parentum
704 1430 772 1484 dieti.
785 1429 857 1484 Con·
901 1427 1074 1497 memoriam,
1087 1443 1114 1483 et
1126 1431 1251 1484 consortii
1263 1449 1311 1502 per
1322 1431 1415 1484 affini·

347 1512 404 1564 lose
418 1527 557 1582 perperam
568 1509 640 1575 baec,
651 1522 680 1572 ‚et
688 1509 783 1568 inutile
794 1528 801 1563 :
811 1507 857 1562 sed
902 1521 983 1562 tatem
1001 1510 1137 1562 contracti.
1157 1511 1231 1574 Quos
1245 1529 1368 1564 nummos
1379 1511 1414 1564 in

348 1589 455 1656 melius,
469 1603 495 1643 et
509 1587 659 1642 distinctius
672 1589 700 1642 in
716 1589 858 1660 campensi
900 1588 1033 1660 principio
1043 1589 1172 1644 fastorum
1184 1607 1293 1642 suorum
1304 1590 1415 1644 Huber-

348 1669 549 1740 manuscripto:
568 1669 620 1738 Qui
629 1669 717 1729 Nuus,
738 1671 858 1720 lenitatem
901 1681 943 1722 tua
958 1669 1079 1722 Goltzius
1094 1687 1125 1722 ex
1141 1669 1308 1722 Laurinianis
1320 1669 1415 1723 bellis-

350 1749 413 1801 uelle
420 1748 572 1820 judicantur.
591 1747 652 1802 Gaii
665 1749 725 1801 dicti
739 1768 755 1800 a
766 1749 858 1818 gaudio
901 1749 966 1803 aime
979 1745 1129 1803 delineavit.
1144 1749 1263 1802 Fortasse
1281 1749 1361 1820 igitur
1374 1749 1417 1802 le-

345 1842 479 1898 parentum.
501 1829 581 1882 Pleu.
599 1829 680 1882 Paris.
703 1827 782 1900 prim.
800 1829 859 1897 Qui
900 1827 1015 1898 gendum
1034 1840 1089 1892 est,
1108 1829 1177 1882 Titus
1191 1828 1301 1880 asabim
1317 1833 1416 1880 nomine

350 1910 417 1961 Neue
433 1909 542 1974 leuitate,
566 1908 611 1962 Cn.
622 1908 774 1978 judicantur.
796 1908 857 1960 Lei·
905 1909 998 1961 Titurio
1000 1909 1085 1979 fluxit,
1096 1908 1328 1980 vebTituliostiaait.
1336 1909 1418 1978 Ejus-

349 1986 437 2045 elensis
455 1988 562 2051 tertius,
585 1989 702 2040 leuitatem
722 1987 859 2048 induantur
900 1985 962 2045 dein
975 1999 1063 2042 autern
1075 1987 1183 2060 originis
1197 2001 1224 2040 et
1240 1987 1415 2058 significatio·

348 2068 415 2121 dieti.
427 2063 759 2139 llltrajectinnasecundua‚
772 2068 856 2120 levita·
900 2068 941 2122 nia
962 2079 1001 2122 eat
1020 2067 1180 2138 gentilitium
1202 2085 1298 2122 nomen
1320 2068 1416 2122 Titius.

351 2162 395 2200 tem
412 2147 473 2202 Gaii
485 2148 624 2200 iudicantur
637 2167 653 2198 a
663 2145 756 2216 gaudio
768 2166 858 2218 parea·
900 2147 981 2200 Pron.
1001 2147 1096 2200 Tituse
1113 2147 1196 2200 sabim
1211 2150 1302 2199 nomiae
1314 2148 1418 2200 Titurio

354 2240 403 2280 tum
417 2228 484 2280 dicti.
892 2228 980 2297 fluxit.
1003 2227 1045 2280 Ita
1066 2227 1130 2282 iecit
1143 2229 1334 2298 exconjectura
1347 2226 1417 2297 Pig-

393 2325 417 2358 a.
445 2307 497 2378 Qui
515 2305 550 2358 ad
571 2305 674 2359 Tiberim
692 2305 857 2363 mutum.
901 2306 961 2360 hius
979 2325 1063 2378 quum
1084 2307 1111 2360 in
1127 2325 1182 2360 uno
1197 2304 1255 2361 cod.
1269 2306 1418 2361 invenisset

351 2383 438 2439 codd.
452 2383 554 2439 addunt
563 2397 624 2457 pom
635 2385 680 2443 ad,
687 2387 789 2461 flumen
804 2387 858 2438 De·
905 2387 962 2440 Tito
983 2387 1086 2458 reflant.
1108 2390 1177 2440 Anto
1203 2405 1264 2440 eum
1284 2384 1418 2440 edebatur

350 2463 426 2527 inde,
455 2467 523 2517 Titus
545 2484 562 2515 n
582 2465 665 2516 sabino
684 2469 777 2520 nomiae
802 2467 859 2518 Tito
906 2467 961 2519 Tito
964 2467 1050 2536 fluxit.
1058 2465 1115 2518 MS.
1126 2466 1206 2520 babet
1218 2468 1243 2519 T
1240 2465 1418 2518 itusesabimo

320 2541 325 2548 ’
342 2544 430 2614 fluxit.
454 2541 546 2598 Codex
566 2557 656 2596 noster
677 2544 732 2598 ita:
756 2545 826 2598 Titus
846 2567 859 2598 e
901 2549 994 2596 momine
1019 2547 1076 2598 Tito
1092 2546 1178 2618 fluit.
1200 2545 1296 2600 Sensus
1307 2557 1417 2618 potant,

349 2623 433 2678 sabino
453 2628 546 2676 nomiae
567 2624 624 2676 Tito
639 2625 741 2696 influxit.
760 2623 858 2679 Itidem
905 2625 930 2677 T
928 2629 985 2679 uun
997 2644 1132 2696 proeaumsrt
1146 2645 1267 2678 romaniam
1277 2637 1419 2678 ortuense

348 2701 487 2765 mendose,
515 2701 561 2758 sed
587 2705 672 2776 aperit
699 2717 786 2758 minen
811 2705 859 2758 ali·
901 2725 917 2754 a
932 2704 1016 2756 sabim
1035 2709 1127 2758 nomine
1146 2705 1211 2759 Tito.
1234 2705 1312 2758 Forte
1329 2703 1417 2758 etiam

349 2782 515 2854 quantulum.
538 2783 600 2836 Non
624 2784 696 2838 enim
717 2784 859 2838 verisimile
900 2784 1108 2856 legerepoteris,
1121 2785 1190 2836 Titus
1203 2769 1311 2836 ambitio
1319 2784 1419 2838 tonum

347 2874 401 2925 est,
421 2864 502 2916 Titum
518 2881 533 2916 a
546 2863 603 2916 Tito
616 2862 735 2930 fluxisse,
751 2862 858 2934 qiiindo
905 2864 962 2917 Tito
966 2865 1053 2936 fluuit.
1062 2864 1100 2916 Ut
1110 2862 1191 2932 dicat,
1201 2864 1313 2936 aliquem
1322 2863 1419 2916 bomi-

348 2941 419 2994 idem
430 2961 583 3014 praenomen
593 2944 639 3009 sit;
653 2942 700 2996 sed
708 2944 797 3016 potius
807 2943 859 2996 alio
901 2962 963 2996 nem
978 2941 1050 3016 apud
1065 2943 1145 2996 Titum
1159 2943 1334 3016 appellatum,
1347 2941 1420 2997 inde

348 3023 470 3088 nomine,
481 3023 553 3076 velut
566 3025 673 3086 Titurio,
691 3025 745 3078 sive
758 3023 858 3090 Tituliq.
902 3035 989 3076 ortum
1001 3041 1056 3076 esne
1068 3021 1134 3076 illud
1147 3041 1313 3094 prunorum
1330 3023 1371 3076 vel
1383 3037 1421 3076 ut

349 3102 408 3156 Sex.
425 3103 568 3174 Pompeius
582 3117 686 3167 autem,
708 3104 777 3155 Titus
791 3121 858 3174 prm·
901 3121 962 3156 oum
978 3103 1076 3156 Verrio
1090 3103 1244 3170 oonveniat,
1259 3100 1331 3177 quod
1342 3121 1421 3174 sape

349 3199 446 3234 noman
462 3195 551 3236 ortum
567 3183 659 3236 scribit
677 3201 692 3235 a
708 3183 795 3236 Titulis
808 3182 858 3234 mi·
902 3182 980 3246 lacit,
999 3184 1068 3235 Titus
1083 3203 1096 3232 e
1114 3181 1197 3236 salmo
1217 3185 1307 3234 uomitu
1327 3183 1420 3238 Taua,

347 3261 448 3327 litibus,
460 3261 495 3314 ita
505 3259 592 3326 dictis,
604 3263 676 3334 quasi
687 3263 775 3326 tutuli,
784 3260 859 3333 quod
896 3263 982 3332 fluxit.
997 3260 1068 3314 Vide
1081 3261 1102 3313 F
1103 3275 1150 3316 est.
1164 3263 1193 3316 in
1206 3281 1269 3316 voce
1286 3263 1362 3315 Titus.
1377 3263 1422 3318 Er

350 3341 461 3410 patriam
472 3353 617 3396 tuerentur.
629 3339 708 3394 Unde
722 3354 748 3394 et
763 3343 860 3396 Titurio
903 3360 965 3397 sane
980 3340 1048 3394 illud
1066 3341 1151 3396 multo
1170 3341 1337 3416 verigiimilius
1355 3354 1421 3410 est,

350 3437 519 3486 gensnomen
534 3420 642 3474 traxisse
655 3419 770 3487 videtur,
781 3421 860 3476 unius
903 3439 982 3492 qtmrn
1008 3439 1158 3492 praenomen
1189 3422 1258 3473 Titus
1284 3433 1375 3476 ortum
1402 3441 1421 3476 a

272 3489 276 3499 ⁴
349 3497 431 3552 literar
447 3499 606 3564 mutatione,
623 3518 702 3571 quarn
720 3499 860 3572 valdepri-
903 3501 1010 3554 nomine
1024 3501 1155 3574 gentilitio
1173 3503 1296 3564 Titurius,
1309 3513 1340 3556 ut
1353 3501 1422 3555 vult

277 3607 281 3616 ·
349 3595 420 3630 scam
429 3578 457 3630 in
469 3577 573 3632 Sabinis
581 3579 670 3646 sunu,
678 3577 860 3634 demonstrant
903 3579 1025 3651 Pighius,
1045 3578 1118 3652 quod
1137 3581 1223 3652 potina
1248 3581 1344 3634 e‘Titu
1363 3579 1420 3634 de·

350 3656 525 3728 antiquissimi
547 3659 652 3712 nummi
666 3661 783 3730 argentei
798 3678 860 3712 cum
904 3657 1021 3725 scandit,
1035 3673 1064 3714 ut
1078 3659 1222 3730 Calpurnius
1236 3679 1251 3711 a
1266 3660 1357 3730 Calpo,
1369 3661 1421 3713 Pi·

350 3737 439 3808 effigie
452 3736 513 3790 Sabi
524 3735 576 3792 dei.
598 3739 652 3792 Eos
666 3751 752 3792 nutem
770 3739 862 3794 inscri-
904 3743 986 3792 uarius
1002 3741 1103 3792 aPino.
1119 3739 1250 3792 Pnaraon.
1262 3739 1353 3794 Sabino
1368 3760 1420 3792 m·

350 3817 408 3888 ptio
424 3815 524 3870 indicat
536 3837 611 3872 crisos
623 3837 678 3872 ease
691 3837 706 3872 a
718 3820 748 3872 L.
767 3819 861 3872 Titurio
905 3823 966 3872 mine
986 3821 1056 3880 Tito,
1072 3833 1176 3872 servant
1187 3821 1264 3872 MSS.
1278 3819 1373 3874 nostri.

349 3895 457 3960 Sabim
470 3909 497 3950 et
507 3911 695 3970 repraesentant
710 3897 817 3970 insuper
828 3918 860 3952 ex
945 3899 973 3952 3.
983 3901 1077 3970 Appiru
1087 3899 1119 3950 ab
1130 3900 1218 3953 Acteo.
1232 3899 1357 3956 Sambuci
1369 3918 1421 3954 co·

349 3977 391 4030 bis
407 3978 487 4050 aliqui
503 3991 609 4050 raptum
624 3977 780 4032 Sabinarum
801 3997 859 4032 mu·
904 3977 957 4032 dex
970 3979 1063 4040 habet,
1081 3978 1111 4030 ab
1125 3979 1196 4032 Atto.
1211 3979 1278 4045 Quae
1293 3999 1345 4032 vox
1359 4000 1420 4032 rna-

349 4057 461 4126 limnm,
477 4071 503 4112 et
523 4058 606 4130 aliqui
621 4058 760 4130 Tarpeiam
778 4058 858 4130 virgi·
902 4061 987 4131 jurem
995 4060 1105 4112 formam
1113 4059 1283 4132 prianominis
1293 4060 1422 4130 praelert,

346 4139 408 4189 neni
419 4138 591 4210 inCapitolio
599 4140 679 4194 scutis
689 4157 839 4210 oppressam
848 4159 856 4204 ;
904 4137 977 4194 unde,
983 4139 1068 4194 aneia
1077 4159 1140 4210 geris
1149 4137 1219 4194 diota
1226 4159 1282 4194 esne
1292 4138 1423 4216 tieletum,
