3110 5134
306 505 413 574 CAP.
441 507 503 586 ΙΙ,
531 507 600 574 DE
627 507 1013 576 CRUDELITATE.
1120 514 1190 604 149

132 636 357 731 relinquebat3
383 661 466 730 quos
489 661 569 705 vero
594 639 627 706 in
651 651 758 706 castra
783 638 998 733 perduxerat,
1017 643 1108 734 paria
1127 641 1195 712 fere

128 743 268 812 fratrum
289 759 323 812 et
337 745 600 838 propinquorum
611 745 773 838 jungens,
789 744 878 813 ferro
892 745 1085 816 decemere¹
1102 773 1195 842 coge·

126 849 211 917 bat:
240 873 349 942 neque
375 864 452 919 ante
473 851 632 944 sanguiue
658 848 867 943 explebatur,
894 875 993 946 quam
1020 852 1062 921 ad
1087 878 1192 922 unum

126 957 287 1024 victorem
299 979 415 1024 omnes
428 953 634 1049 redegisset².
649 958 745 1026 lusto
758 980 839 1052 ergo
855 954 946 1026 illum
962 957 1053 1037 odio,
1065 983 1193 1029 verum·

127 1073 238 1130 tamen
256 1061 352 1130 tardo
371 1061 552 1156 supplicio,
571 1075 703 1132 senatus
723 1064 846 1131 Prusiae
866 1066 952 1158 regis
973 1064 1096 1133 factum
1115 1091 1192 1160 sup·

127 1165 247 1260 plicam
268 1168 311 1236 ad
332 1165 553 1236 voluntariam
575 1183 716 1238 mortem
739 1167 908 1264 compulit.

179 1269 213 1342 3.
235 1275 319 1342 Tam
347 1271 473 1358 hercle,
501 1297 600 1366 quam
628 1274 856 1343 Mithridatem
882 1299 993 1370 regem
1004 1260 1028 1361 ³,
1048 1277 1105 1368 qui
1127 1301 1194 1346 una

126 1377 264 1472 epistola
285 1380 454 1474 octoginta
473 1378 576 1448 millia
595 1381 716 1449 civium
737 1405 969 1466 romanorum,
990 1383 1023 1449 in
1037 1383 1114 1450 Asia
1132 1407 1193 1476 pcr

126 1484 224 1553 urbes
260 1484 450 1580 negotiandi
485 1489 591 1580 gratia
620 1486 785 1582 dispersa,
812 1487 1000 1572 interemit,
1030 1502 1193 1582 tantaeque

126 1592 306 1684 provinciae
323 1590 502 1686 hospitales
521 1590 601 1662 deos
619 1593 758 1686 injusto,
782 1593 839 1662 sed
860 1619 927 1662 nou
948 1591 1054 1662 inulto
1075 1619 1193 1665 cruore

126 1699 309 1791 respersit:
331 1699 487 1792 quoniam
516 1723 593 1768 cum
617 1700 762 1768 maximo
783 1701 951 1786 cruciatu,
971 1687 1121 1768 uenenol
1141 1725 1192 1769 rc-

126 1818 330 1897 pugnantem
348 1804 499 1898 spiritum
514 1829 612 1873 suum
628 1805 761 1874 tandem
776 1805 991 1874 succumbere
1006 1808 1128 1900 coegit3
1146 1809 1193 1875 si·

125 1907 260 2003 mulque
280 1908 409 2004 piacula
428 1897 599 1980 crucibus⁵
622 1909 685 1980 illis
704 1909 813 1998 dedit,
834 1896 953 2005 quibus
972 1912 1095 1981 amicos
1113 1935 1190 1983 suos

127 2029 263 2085 auctore
286 2017 400 2085 Gauro
424 2016 589 2111 spadone,
615 2016 806 2088 libidinosus
831 2017 1008 2110 obsequio,
1036 2016 1191 2088 scelestus

127 2122 267 2216 imperio
286 2121 452 2190 affecerat.

179 2231 212 2312 [ι.
241 2213 522 2297 Numulizinthis⁶
551 2229 733 2322 Diogiridis
761 2227 818 2298 filii
841 2229 991 2298 Thraciae
1018 2231 1104 2324 regis
1130 2233 1191 2301 etsi

126 2430 219 2471 restres
225 2417 312 2489 copie
319 2418 484 2488 polluerent,
500 2418 638 2489 atquepri·
681 2417 770 2470 millia.
786 2417 826 2470 De
839 2435 951 2471 numero
962 2437 1015 2472 non
1029 2420 1191 2474 conveniunt

126 2499 251 2551 nobello
266 2498 367 2569 punico
378 2497 516 2550 maritime
524 2495 638 2550 crudeli·
681 2509 807 2551 auctores.

126 2590 178 2631 tate
192 2596 268 2631 mare
280 2589 465 2648 corruperant.
722 2581 749 2640 4.
771 2577 876 2629 Venerio.
898 2576 999 2632 Gellius
1019 2578 1116 2645 xvu,
1140 2585 1187 2646 16,

168 2677 191 2710 ι.
208 2658 289 2712 Ferro
304 2657 433 2709 decemere.
457 2657 582 2727 Captivos
600 2657 638 2708 ita
682 2673 709 2708 se
727 2655 815 2727 ipsum
831 2655 995 2710 interemisse
1013 2655 1118 2728 gladio,
1134 2661 1189 2712 Au-

125 2747 237 2790 tractarc
256 2736 401 2790 Pomorum
420 2733 500 2788 modo
517 2735 639 2788 nonfuit
682 2734 762 2788 relius
775 2736 808 2787 ab
824 2735 942 2788 immisso
960 2735 1054 2799 Gallo,
1070 2755 1148 2808 quem
1164 2740 1194 2792 in

123 2816 280 2887 proprium,
300 2829 332 2869 ut
352 2814 431 2869 docet
445 2813 637 2868 eruditissimus
680 2812 862 2868 ccdemsuam
872 2813 1015 2886 adjuverit,
1031 2833 1087 2868 esse
1103 2815 1191 2888 gladio

125 2895 276 2948 Casaubon.
285 2893 320 2948 ad
335 2894 408 2949 Suet.
417 2898 482 2964 Aug.
502 2895 544 2948 13.
680 2895 883 2965 interemptum,
899 2905 1022 2958 nur-ent,
1043 2912 1126 2964 quum
1140 2897 1189 2949 XL

171 2994 196 3026 a.
222 2975 365 3045 Redegr'sset.
394 2975 452 3028 Alia
475 2972 638 3028 crudelitatis
680 2989 763 3028 anuos
776 2991 887 3026 romaum
899 2972 1036 3026 restitisset
1048 2973 1170 3046 imperio.

122 3056 183 3126 ejus
197 3056 316 3127 exempla
329 3055 386 3108 brec
400 3067 462 3108 suut
478 3072 484 3108 :
506 3054 576 3106 iuter
592 3071 636 3106 ca·
722 3053 747 3104 ⁵.
760 3052 882 3106 Crucibus.
892 3051 1034 3124 Suppliciis
1041 3064 1067 3106 et
1075 3065 1191 3111 tormen·

120 3132 253 3188 darerum
273 3147 358 3188 strues
377 3135 406 3187 iu
422 3134 547 3187 ramensi
563 3131 637 3186 clade
681 3133 723 3186 tis.
738 3165 778 3174 -
795 3131 887 3186 Gauro.
901 3131 981 3185 Hunc
992 3131 1021 3184 in
1032 3131 1132 3188 deliciis
1140 3135 1192 3192 Mi.

120 3233 226 3268 mensas
239 3233 345 3288 parasse
360 3212 472 3278 dicitur,
482 3225 513 3267 ut
523 3231 577 3265 non
590 3212 638 3264 mi·
680 3210 809 3266 tbridates
825 3209 933 3278 habuit,
952 3209 986 3266 ad
1003 3215 1077 3284 cujus
1093 3227 1190 3271 nutum

119 3313 173 3348 uus
187 3313 317 3348 caesorum
328 3293 467 3365 sauguine,
480 3311 559 3364 quam
574 3311 637 3362 epu·
681 3291 747 3344 nibil
763 3311 818 3344 non
834 3293 918 3344 lacere
936 3304 1042 3364 paratus
1056 3306 1120 3348 erat.
1138 3296 1190 3352 Hic

116 3375 210 3428 larum
231 3375 369 3444 voluptate
384 3372 530 3426 satiaretur.
547 3372 637 3424 Disce·
681 3389 743 3442 ergo
754 3371 851 3424 multos
864 3371 933 3442 regis
947 3372 1062 3438 aruioos,
1079 3375 1126 3445 qui
1136 3387 1191 3430 tum

116 3451 187 3508 dens
200 3471 311 3526 quoque
324 3472 355 3505 ex
367 3453 454 3518 Italia,
463 3471 545 3523 quum
555 3449 589 3505 ad
599 3452 636 3503 se·
681 3449 781 3504 foedum
791 3451 869 3523 regie
881 3449 1000 3504 libidinis
1014 3451 1191 3509 ministerium

113 3533 235 3587 rendam
249 3546 330 3603 opem
348 3531 441 3603 patriae
455 3543 636 3596 reuocaretur,
680 3531 821 3603 periniquo
834 3531 923 3596 animo
937 3530 1071 3598 ferebant,
1089 3531 1122 3588 de
1137 3554 1190 3590 mc·

113 3633 215 3667 omnes
228 3613 311 3665 italici
329 3611 445 3682 generis,
464 3611 552 3682 quiin
565 3610 636 3663 Atri-
680 3610 726 3664 dio
736 3608 865 3663 tollendos
877 3610 987 3664 curavit.

112 3713 176 3748 cam
190 3694 272 3746 illum
284 3691 359 3762 sequi
372 3692 515 3744 abnuentes
530 3709 636 3744 conces·
721 3695 747 3744 6.
768 3690 957 3744 Numulr'zr'utlris
977 3691 1115 3762 Diogiridis
1130 3693 1190 3764 filit.

109 3769 637 3834 urantinLacinioelunouisdelubrum,
680 3769 784 3824 Nomen
796 3769 1004 3823 Numuliziutbis
1016 3770 1044 3822 in
1059 3771 1134 3826 MSS.
1145 3791 1191 3827 ra-

108 3854 285 3908 inviolatum
293 3849 327 3904 ad
338 3869 396 3904 eam
405 3849 490 3914 diem,
503 3851 531 3903 iu
539 3850 638 3921 templo
681 3851 721 3903 rie
736 3849 865 3903 scribitur.
880 3850 933 3902 Pro
942 3847 1007 3919 filie
1023 3849 1145 3922 Knppius
1161 3853 1190 3906 iu

106 3935 173 4007 ipso
189 3929 267 3986 sade
282 3929 475 4002 crudeliterque
486 3929 626 3983 interemit.
684 3941 783 3983 textum
799 3929 899 4000 recepit
907 3927 973 3998 filit.
990 3947 1021 3981 ex
1037 3931 1193 3984 auctoritate

152 4016 184 4068 3.
205 4013 307 4080 Regem.
324 4013 392 4064 Anu.
408 4011 444 4062 U.
462 4011 517 4064 665
532 4023 559 4062 et
571 4013 637 4078 690.
682 4010 858 4081 complurium
869 4009 943 4062 MSS.
954 4019 981 4061 et
990 4005 1051 4060 edd.
1064 4027 1113 4062 nec
1125 4029 1191 4076 uon,

105 4093 172 4149 Liv.
192 4091 362 4156 Lxxvu1;
375 4091 444 4142 Plut.
459 4089 589 4160 inPomp.
600 4121 640 4132 -
684 4089 745 4161 quia
753 4089 944 4143 Numulier'rulres
952 4087 1029 4140 virile
1037 4106 1133 4140 nomeu
1142 4102 1191 4157 est,

107 4175 271 4244 Octoginta.
298 4171 379 4224 Juxta
401 4169 572 4223 Plutarchum
595 4168 640 4222 CL
685 4182 714 4222 ut
728 4169 811 4220 sonna
826 4170 882 4238 ejus
892 4166 1005 4238 praefert.
1022 4167 1092 4220 Tum
1103 4169 1124 4221 si
1136 4169 1193 4224 bne

945 4258 1009 4342 10³
