3110 5134
373 479 423 565 64
532 479 754 548 VALERII
782 477 1002 563 Maxtrtt,
1029 479 1124 546 LIB.
1153 479 1268 548 v111.

428 611 460 680 8.
484 611 644 680 Cetium
669 611 868 680 Cosconium
891 606 1027 678 Servilia
1050 607 1121 704 lege
1145 607 1275 696 reum¹,
1297 624 1437 704 propter

372 716 515 812 plurima
536 731 570 785 et
590 714 831 784 evidentissima
855 714 1024 799 facinora,
1046 715 1115 784 sine
1139 713 1206 784 ulla
1228 714 1436 784 dubitatione

372 837 567 906 nocentem,
580 818 703 890 Valerii
715 818 882 890 Valentini
899 821 1098 890 accusatoris
1119 820 1190 914 ejus
1209 822 1384 890 recitatum
1401 822 1437 889 in

369 927 496 1022 judicio
516 951 669 1014 carmen,
686 951 763 1028 quo,
776 949 915 1020 puemm
938 938 1184 1019 praetextatum,
1203 939 1238 994 et
1255 927 1435 1020 iugenuam

374 1035 535 1128 virginem
550 1056 571 1101 a
585 1057 620 1102 sc
639 1047 829 1125 corruptam
849 1031 980 1124 poetico
993 1031 1071 1124 joco
1091 1030 1352 1126 significaverat,
1369 1057 1437 1100 ere

372 1141 442 1208 xit:
458 1138 617 1234 siquidem
631 1135 759 1228 judices
776 1136 922 1228 iniquum
937 1137 1000 1202 rati
1014 1148 1104 1222 sunt,
1122 1161 1200 1205 eum
1213 1137 1377 1206 victorem
1391 1137 1437 1206 di

373 1246 527 1331 mittere,
548 1244 604 1336 qui
624 1237 768 1336 palmam
789 1265 857 1308 non
883 1263 923 1308 ex
946 1237 1011 1308 alio
1031 1240 1138 1330 ferre,
1159 1240 1217 1310 scd
1238 1241 1437 1312 desedere

372 1345 591 1420 merebatur².
610 1347 718 1440 Magis
735 1368 815 1440 ergo
829 1342 980 1414 Valerius
997 1347 1032 1414 in
1053 1348 1208 1416 Cosconii
1225 1346 1436 1418 absolutione

372 1455 564 1542 damnatus,
584 1475 682 1544 quam
701 1451 884 1522 Cosconius
901 1451 936 1518 in
957 1443 1054 1520 causa
1073 1475 1132 1520 sua
1149 1450 1305 1522 liberatus
1325 1468 1385 1524 est.

426 1601 460 1672 9.
477 1577 644 1670 Attingam
660 1599 717 1644 eos
731 1599 879 1669 quoque,
896 1598 1038 1668 quorum
1054 1573 1139 1644 salus
1156 1577 1299 1671 propriis
1314 1577 1437 1648 obruto

374 1682 584 1769 criminibus,
605 1681 831 1778 proximorum
855 1677 994 1748 claritati
1016 1679 1138 1749 donata
1154 1695 1220 1750 est:
1239 1684 1278 1752 A.
1297 1683 1435 1754 Atilium

374 1788 577 1874 Calatinum,
590 1771 810 1856 Soranorum³
822 1783 935 1880 oppidi
948 1783 1132 1879 proditione
1145 1811 1239 1856 reum
1253 1787 1437 1859 admodum

373 1894 545 1980 infamem,
563 1893 762 1962 imminentis
777 1890 995 1960 damnationis
1009 1891 1154 1986 periculo
1175 1895 1217 1983 Q.
1233 1895 1372 1964 Maximi
1388 1921 1438 1966 so

373 2001 440 2069 ceri
455 2023 560 2095 pauca
575 1997 674 2066 verba
691 1997 940 2081 subtraxerunt,
955 1997 1074 2091 quibus
1088 1998 1284 2088 affirmavit,
1298 2008 1332 2071 si
1344 2008 1380 2071 in
1393 2029 1437 2073 eo

371 2112 508 2176 camme
524 2118 654 2172 sontem
672 2103 765 2171 illum
780 2107 855 2197 r'pse
874 2109 1108 2198 comperisset,
1124 2096 1387 2202 dirempturuml
1398 2135 1438 2180 se

360 2213 479 2304 facisse
492 2209 727 2304 affiniatem
746 2209 903 2278 continuo
921 2209 1008 2278 enim
1028 2208 1169 2305 populus
1186 2235 1280 2305 paene
1291 2212 1361 2303 jam
1379 2237 1437 2282 ex·

373 2315 534 2412 ploratam
555 2314 748 2384 sententiam
767 2336 860 2382 suam
881 2315 978 2382 unius
996 2313 1120 2408 judicio
1144 2317 1329 2406 concessit;
1350 2319 1437 2388 indi-

372 2447 476 2516 gnum
494 2435 584 2491 ratus
602 2419 672 2513 ejus
690 2419 877 2488 testimonio
898 2443 966 2488 non
986 2419 1140 2508 credere,
1158 2421 1211 2490 cui
1232 2421 1439 2494 difficillimis

417 2639 440 2674 ι.
457 2621 539 2672 nem.
550 2621 600 2670 An.
613 2616 648 2669 U.
659 2615 724 2669 651.
735 2616 881 2671 Torreuius
924 2633 981 2668 cem
991 2615 1066 2670 Mss.
1076 2624 1190 2687 proterit.
1200 2621 1300 2686 Emit,
1311 2641 1398 2694 quum
1409 2623 1440 2676 in

374 2694 881 2770 intelligitlcgemdcrepetundissSer·
923 2693 979 2746 fine
1001 2695 1172 2767 precedentis
1196 2701 1310 2772 exempli
1333 2703 1442 2774 optime

373 2782 438 2835 vilio
452 2778 562 2832 Glaucia
580 2788 693 2849 praetore
705 2793 747 2828 an.
763 2775 799 2827 U.
812 2775 881 2840 6⁵3,
923 2777 1098 2844 processerit,
1109 2777 1261 2849 oppositum
1273 2781 1357 2834 verbo
1370 2781 1442 2852 abje-

374 2857 462 2933 (qnod
469 2867 750 2925 tamencumtempcre
756 2871 881 2907 noncou·
923 2864 1002 2914 serat,
1020 2854 1064 2906 hic
1080 2856 1168 2908 minus
1185 2858 1325 2913 commode
1341 2874 1370 2915 et
1384 2863 1442 2915 ele·

373 2935 476 3004 venit);
493 2935 550 2989 sid.
570 2935 655 2990 Cicer.
677 2952 727 3005 pro
743 2933 833 2986 Rabir.
849 2940 879 2998 43
923 2945 1014 3002 gauter
1029 2935 1113 3004 repeti
1127 2933 1242 2991 videtur.

373 3021 452 3074 vm.
474 3016 503 3082 Ι,
525 3035 552 3085 9.
571 3047 611 3058 .-
633 3013 728 3066 Valerii
747 3013 879 3064 Valentini.
966 3029 991 3062 a.
1016 3011 1162 3068 Merebatur.
1184 3015 1218 3069 Id
1239 3029 1293 3083 est,
1313 3019 1361 3090 qui
1380 3039 1443 3074 nou

372 3091 782 3172 Ignotumnlioquinscriptorem
790 3091 881 3144 Festus
924 3089 1374 3160 superior,sedinlesiordiscedere
1383 3117 1444 3153 me-

373 3179 450 3232 nobis
471 3176 615 3228 nominat:
635 3197 646 3218 ι
668 3171 817 3242 Tappulus,
839 3170 880 3222 in·
922 3167 1038 3222 rebatur.
1230 3191 1237 3204 ¹

373 3258 481 3328 quiens,
491 3253 564 3322 legem
576 3251 730 3312 convivalem,
734 3249 797 3318 ficto
808 3253 881 3300 noms'·
964 3248 990 3300 3.
1009 3248 1163 3306 Soranorum.
1184 3253 1265 3320 Sors,
1282 3254 1443 3328 Campano.

374 3356 404 3388 ne
415 3334 551 3400 conscripsit
553 3333 637 3400 jocoso
647 3333 748 3380 camnine
758 3327 880 3382 Valerius
922 3343 983 3378 rum
995 3327 1141 3400 oppidum,
1150 3335 1225 3404 cujus
1240 3334 1308 3388 Ptin.
1324 3336 1386 3402 111,
1407 3340 1445 3404 5,

374 3410 539 3468 Valentinus.
553 3434 564 3456 ι
579 3407 881 3459 -Proeteststum'l'ars
922 3407 1049 3460 meminit.
1074 3409 1106 3461 Ei
1125 3430 1209 3482 quum
1228 3413 1257 3465 11
1279 3413 1350 3468 Pun.
1375 3417 1443 3470 belli

373 3491 479 3568 quiuius
494 3487 598 3541 Priscus
609 3485 693 3537 {ilium
707 3502 784 3538 asum
799 3501 881 3539 annos
922 3496 1041 3557 tempore
1055 3488 1151 3542 Atilius
1166 3491 1250 3546 Colat.
1271 3495 1443 3564 profuisset,

373 3571 440 3628 XIV
450 3580 557 3632 netum,
570 3562 643 3636 quod
655 3565 683 3616 in
697 3563 880 3618 bellohostcns
922 3565 1029 3636 ejusque
1047 3567 1117 3620 cives
1138 3568 1173 3621 sd
1193 3569 1372 3626 Hannibalem
1391 3575 1443 3630 de·

373 3657 548 3726 percusserat,
565 3663 615 3716 pro
627 3643 754 3696 concione
765 3641 881 3696 laudavit
923 3643 1056 3708 iecissent,
1068 3647 1180 3701 Calatini
1193 3648 1222 3702 id
1233 3651 1311 3723 culpa
1323 3653 1442 3722 factum,

374 3744 401 3784 et
413 3738 535 3801 pretenta
551 3722 667 3776 donavit.
688 3722 757 3774 Hinc
769 3723 880 3786 lactum,
903 3747 905 3753 ·
922 3723 1036 3793 suspicio
1045 3724 1273 3782 luit-Morini.
1282 3731 1360 3785 Fabii
1368 3735 1444 3788 Cun-

373 3822 404 3864 ut
430 3816 554 3879 praetexta
577 3799 673 3854 deinde
696 3801 783 3854 mssa
805 3802 880 3872 pueri
922 3803 1042 3868 catoris,
1063 3804 1135 3860 illius
1154 3806 1261 3880 dequo
1284 3811 1391 3866 Ennius
1415 3827 1445 3866 et

373 3897 521 3944 uterentur.
543 3913 576 3923 —
602 3881 697 3932 Emis.
720 3879 763 3932 Sic
780 3881 881 3950 primus
923 3879 1066 3951 Virgilius:
1087 3885 1185 3940 :Unus
1205 3894 1251 3958 qui
1272 3891 1353 3946 nohis
1374 3912 1445 3946 cuu-

375 3966 460 4022 edidit
474 3961 582 4033 Pighius
594 3977 677 4031 quum
687 3959 773 4012 ceteri
788 3957 882 4012 calidis·
923 3961 1019 4014 mando
1034 3963 1150 4018 restitnit
1162 3985 1228 4020 rem.
1241 3979 1252 4000 ⁸

376 4045 552 4100 sentsontcsit.
566 4037 618 4092 Sed
631 4037 673 4092 ed.
685 4037 756 4108 Mog.
771 4042 880 4092 comsit.
966 4047 991 4104 4.
1020 4043 1207 4114 Dimnptumm.
1227 4047 1309 4102 Multi
1332 4051 1446 4123 direptu-

375 4123 519 4179 Torrenius
533 4119 606 4171 malit
618 4115 690 4188 quod
699 4129 782 4170 exstat
793 4118 820 4170 in
835 4116 881 4171 de·
929 4137 988 4171 nrm.
1003 4121 1054 4175 Bit.
1069 4123 1147 4194 prim.
1164 4126 1322 4198 diruptum.
