3108 5136
309 492 414 560 cnr.
441 491 494 578 r,
522 490 591 560 nn
619 492 869 562 curione.
1086 484 1154 592 ¹77'

107 625 204 693 securi
222 624 350 718 percuti
372 619 570 692 :imbellem
588 620 832 692 multitudinem
852 622 914 692 sub
933 625 1074 694 corona'
1097 653 1157 696 ve·
1222 663 1226 668 ·

107 732 185 817 nire;
209 753 308 823 quam
331 728 375 798 ob
396 752 528 799 causam
548 729 678 824 Papiria
700 727 818 815 tribus,
840 730 874 798 in
894 755 958 824 qun
977 730 1156 826 plurimum

106 850 213 930 postea
236 834 413 905 Tusculani
439 835 474 903 in
494 835 660 904 civitatem
685 835 809 930 recepti
831 848 1029 930 potuerunt,
1056 842 1159 910 nemi·

107 967 173 1010 nem
199 965 345 1034 unquam
371 939 603 1010 candidatum²
629 938 728 1010 Polire
759 941 863 1039 tribus
891 941 969 1012 fecit
990 946 1161 1039 magistra·

106 1063 189 1134 tum,
212 1071 255 1116 ne
277 1047 319 1116 ad
341 1069 415 1116 eam
438 1045 523 1116 ullus
550 1045 657 1116 honos
678 1047 743 1116 suis
768 1045 933 1140 suffragiis
957 1052 1162 1142 perveniret,

107 1177 171 1247 quae
191 1153 256 1222 illis
275 1155 376 1222 vitam
400 1177 440 1222 ac
458 1150 661 1240 libertatem,
683 1167 843 1246 quantum
863 1155 897 1221 in
915 1155 985 1248 ipsa
1007 1153 1088 1240 fuit,
1105 1155 1162 1226 ad·

106 1273 232 1328 emerat

153 1392 184 1434 2.
208 1365 304 1435 Illam
325 1387 406 1434 vero
430 1363 587 1434 ultionem
607 1379 641 1434 et
665 1380 813 1452 senatus,
838 1379 872 1434 et
890 1390 1068 1436 consensus
1087 1392 1163 1436 om-

106 1471 189 1542 nium
206 1455 431 1569 approbavit³:
446 1495 549 1564 quum
561 1471 648 1540 enim
665 1458 872 1540 Hadrianus⁴
886 1473 974 1540 cives
993 1496 1163 1562 romanos,

105 1579 156 1670 qui
174 1580 284 1646 Uticae
305 1575 542 1662 consistebant,
564 1576 698 1646 sordido
715 1577 854 1672 imperio
874 1592 1041 1666 vexasset,
1063 1578 1163 1648 idcir·

106 1707 205 1777 coque
233 1683 276 1751 ab
298 1682 350 1750 his
375 1682 471 1750 vivus
494 1696 582 1750 esset
606 1695 759 1768 exustus3
780 1705 841 1750 nec
869 1673 1008 1777 vquaestio
1037 1682 1103 1754 ulla
1130 1687 1165 1753 in

106 1789 183 1858 urbe
203 1789 270 1859 hac
289 1788 330 1858 de
349 1812 384 1856 re
405 1786 535 1871 habita,
553 1812 615 1857 nec
633 1786 767 1882 querela
785 1802 915 1858 versata
933 1803 991 1858 est.

340 1995 392 2048 DE
413 1993 601 2047 ULTIONE
620 1991 922 2050 EXTERNORUM.

162 2201 189 2244 t.
210 2174 320 2244 Clarae
341 2170 474 2242 ultionis
499 2185 639 2266 utraque
662 2173 792 2268 regina,
818 2187 852 2242 et
870 2164 1074 2270 Thamyris⁵,
1096 2203 1168 2274 quae

144 2399 169 2434 r.
183 2381 291 2436 amna.
303 2377 383 2446 Quod
392 2377 503 2450 contigit
517 2378 616 2430 munci·
657 2379 743 2431 simile
751 2378 1005 2448 videtur,Valerium
1016 2397 1102 2440 tamen
1111 2405 1166 2441 uon

107 2461 154 2530 piis
170 2463 199 2514 in
218 2461 291 2514 bello
305 2460 396 2531 captis
413 2458 481 2512 Gell.
502 2457 568 2521 Vll,
586 2465 614 2522 4.
657 2459 831 2524 existimasse,
846 2479 890 2513 eos
903 2461 980 2516 luisse
993 2465 1047 2534 jem
1062 2470 1166 2522 tumci-

144 2561 168 2594 s.
182 2541 321 2594 Plurimum
332 2551 417 2612 postea
436 2537 613 2590 Tusculani...
657 2556 702 2592 ves
714 2557 850 2598 romaum,
865 2559 947 2611 quum
960 2540 1167 2602 deiisomnibus

105 2625 216 2672 aenaim
225 2617 498 2693 wsquamcandidatm
509 2617 550 2668 Ita
558 2635 615 2670 om·
657 2618 763 2690 capitali
775 2618 906 2690 supplicio
915 2621 1061 2677 efficiendis
1071 2627 1106 2680 ad
1118 2648 1166 2700 po.

105 2717 148 2753 nes
155 2698 235 2753 codd.
243 2699 322 2751 MSS.
331 2711 357 2750 et
366 2695 426 2750 edd.
438 2693 490 2748 Sed
498 2695 617 2767 Pighius,
658 2693 750 2768 pulum
763 2697 885 2750 serretur.

105 2781 165 2850 quia
177 2779 352 2842 meminerat,
360 2779 415 2847 jam
427 2773 475 2828 diu
487 2787 547 2828 ante
559 2775 616 2828 Tu·
701 2775 726 2828 3.
742 2773 899 2846 Approbavs't.
914 2781 964 2831 An.
975 2779 1010 2834 U.
1026 2785 1091 2851 669.
1108 2787 1167 2842 Liv,

104 2859 218 2912 scalenis
230 2855 301 2920 (An.
317 2857 353 2910 U.
372 2857 446 2926 3733
457 2853 513 2909 rid.
526 2855 616 2908 Valer.
658 2855 814 2920 LXXXVI;
826 2856 902 2908 Oros.
913 2858 949 2922 V,
958 2876 1012 2927 193
1022 2862 1078 2915 Cic.
1089 2865 1167 2919 Vm.

106 2937 175 2999 vlt,
189 2939 221 3002 3,
233 2951 285 2992 ext.
307 2933 349 3000 a.)
363 2936 497 2990 civitatem
514 2931 617 3001 datam,
659 2934 716 2999 ΠΙ,
735 2952 769 3004 ²7
785 2947 812 2986 et
827 2953 854 3003 7.

105 3017 316 3070 itarelormavit:
321 3015 483 3087 plurimumT
481 3013 617 3066 asculum...
670 3029 674 3034 ·
701 3012 886 3077 amulricum.
897 3013 947 3066 Hic
957 3014 1105 3073 Hadrianus
1114 3024 1168 3076 ool-

105 3099 218 3150 mihera
227 3108 314 3167 postca
327 3094 512 3146 candidatum.-
523 3132 546 3146 ..
567 3091 619 3145 Cui
659 3091 725 3146 lecta
740 3109 877 3146 servorum
886 3111 967 3146 manu
978 3096 1119 3169 imperium
1131 3105 1169 3156 nl.

103 3177 262 3230 Perizonius
275 3173 396 3228 assentiri
408 3172 511 3244 nequit.
523 3172 620 3226 Civita·
660 3172 779 3235 sectavit,
789 3184 816 3224 et
826 3171 911 3224 Uticae
919 3173 988 3227 cives
997 3195 1064 3230 roan.
1075 3180 1169 3236 crude.

104 3253 366 3328 tisenimjusdatum
373 3271 428 3306 nou
436 3269 540 3322 semper
547 3247 619 3304 idem
661 3251 722 3304 liter
736 3250 858 3304 vexavit:
875 3249 989 3324 ideoque
1003 3275 1018 3310 a
1033 3276 1171 3316 servorum

102 3336 163 3388 fuit.
172 3336 245 3388 Hinc
258 3329 619 3406 apudLiv.1.vu1,c.1t,
662 3329 776 3384 dominis
786 3331 860 3384 omui
875 3350 936 3384 cum
950 3333 1048 3388 familia
1062 3342 1172 3395 comba.

101 3416 244 3468 nonnullis
265 3414 358 3468 civitas
377 3416 428 3464 sine
441 3413 563 3480 suffragio
577 3406 622 3463 da·
662 3423 717 3464 stus
729 3422 776 3464 cst.
791 3443 831 3454 -
848 3410 952 3464 Sord'do
967 3417 1072 3486 sinperio.
1086 3419 1172 3474 Sardi.

101 3506 166 3560 tur,
193 3493 306 3564 reliquis
334 3511 387 3544 cum
413 3492 545 3560 suffragio,
575 3489 622 3562 qui
663 3490 719 3542 dum
737 3490 851 3561 appellet
869 3495 1005 3562 imperium,
1026 3497 1100 3566 quod
1118 3501 1172 3554 Ha.

100 3576 185 3628 etiam
195 3575 225 3628 in
237 3571 304 3626 duas
312 3589 393 3626 novas
402 3571 488 3624 tribus
496 3566 622 3640 adscripti
664 3567 774 3622 drianm
792 3569 891 3636 servis,
911 3571 958 3643 qui
974 3573 1065 3628 sordes
1083 3591 1110 3630 et
1131 3581 1174 3636 lex

99 3667 176 3708 sunt.
192 3654 285 3719 Quare
301 3649 386 3706 credit
399 3651 440 3704 vir
454 3647 564 3714 doctus,
580 3651 622 3718 jus
666 3649 758 3720 populi
767 3646 939 3712 dicebantur,
952 3669 1013 3705 usus
1021 3668 1061 3708 est
1071 3655 1104 3710 ad
1114 3677 1174 3714 av..

97 3734 222 3788 civitatis
238 3733 296 3785 sine
318 3730 445 3801 suffragio
468 3729 623 3782 Tusculanis
665 3729 754 3780 ritiam
772 3740 798 3780 et
819 3727 1000 3784 crudelitatem
1019 3750 1111 3792 contra
1127 3735 1175 3792 do·

97 3811 200 3866 datum
222 3830 298 3876 esse,
313 3823 402 3883 postea
417 3827 480 3862 vero
499 3808 527 3859 in
546 3807 624 3880 Papi·
667 3807 753 3860 minos
767 3807 946 3862 exercendam.

95 3894 171 3948 riam
197 3892 300 3945 tribum
324 3909 370 3944 eos
393 3907 447 3942 esse
469 3885 623 3958 adscriptos.
710 3887 736 3941 5.
754 3887 888 3959 Tlumyre‘s.
905 3889 1178 3965 Rectius:Tomyris,

95 3975 159 4028 Cur
170 3972 251 4024 enim
263 3970 341 4023 toties
350 3968 525 4033 rebellarent,
536 3965 558 4020 si
570 3966 624 4037 ple·
668 3967 871 4037 Massagetarum
883 3969 981 4038 regina.
1002 3969 1064 4024 Vid.
1081 3973 1178 4030 Justin.

94 4072 169 4108 unm
189 4049 307 4105 civitatis
318 4051 361 4120 jus
379 4046 522 4100 baberent?
534 4043 585 4098 Sed
603 4045 625 4098 si
668 4045 753 4110 lib.1;
767 4045 947 4111 Herodotum,
961 4049 1007 4102 lib.
1021 4051 1048 4115 1;
1061 4053 1177 4108 Ammia-

95 4136 140 4186 rel
161 4123 286 4184 maxime
299 4125 366 4182 illud
377 4127 542 4191 habuissent,
558 4125 625 4178 veri·
670 4145 733 4178 nmn
746 4125 863 4179 Marcell.
878 4125 925 4178 lib.
939 4127 1048 4193 Xlllll,
1060 4149 1116 4206 cap.
1132 4138 1159 4188 6.

160 4243 218 4308 ll.
960 4259 1000 4304 ια
