3110 5134
285 495 391 564 CAP.
420 495 501 580 111,
528 495 597 562 DE
624 493 713 561 IRA
741 496 803 562 ET
831 495 976 564 ODIO.
1092 494 1160 567 153

107 627 176 698 dum
196 629 360 697 intestinis
377 639 411 695 et
430 626 611 696 visceribus
630 627 748 720 egestis
766 628 919 697 homines
937 630 1100 714 inserere,
1117 633 1163 699 ita

106 751 137 804 ut
148 735 311 828 capitibus
324 732 554 804 tantummodo
566 735 749 821 emineant3
762 733 909 828 quoque¹
920 735 1042 814 diutius
1056 761 1163 830 poenae

106 841 286 923 sufficiant,
306 840 382 909 cibo
401 853 435 908 et
450 840 584 934 potione
602 838 766 908 infelicem
787 841 937 934 spiritum
957 866 1161 936 prorogare:

106 947 203 1016 donec
223 949 312 1018 intus
329 945 524 1040 putrefacti,
544 944 678 1014 laniatui
697 947 763 1014 sint
777 943 1007 1034 animalibus²‚
1023 972 1095 1042 quae
1114 963 1163 1016 ta·

107 1053 182 1122 hidis
208 1055 244 1122 in
271 1051 465 1146 corporibus
489 1053 580 1120 nasci
602 1049 717 1120 solent
743 1037 951 1140 Queramur³
973 1078 1062 1124 nunc
1085 1078 1162 1123 cum

106 1175 216 1228 natura
239 1183 371 1244 rerum,
394 1156 483 1252 quod
503 1183 565 1227 nos
586 1156 697 1226 multis
718 1173 751 1226 et
773 1161 895 1251 asperis
915 1158 1060 1228 adversae
1074 1159 1162 1228 vale·

107 1265 220 1334 tudinis
245 1263 462 1334 incommodis
484 1263 644 1333 obnoxios
668 1288 739 1332 esse
760 1263 919 1348 voluerit;
947 1263 1163 1360 habitumque

108 1371 239 1440 celestis
266 1372 395 1440 roboris
422 1370 575 1440 humanae
595 1370 782 1460 conditioni
807 1369 1005 1465 denegatum
1029 1368 1164 1440 moleste

106 1477 262 1565 ieramus,
280 1503 383 1571 quum
410 1489 460 1545 tot
477 1477 641 1546 cruciatus
661 1476 792 1546 sibimet
810 1478 881 1572 ipsa
896 1476 1078 1547 mortalitas
1099 1479 1163 1546 im-

107 1582 194 1676 pulsu
214 1583 419 1653 crudelitatis
438 1583 683 1677 excogitaverit.

447 1783 667 1874 CAPUT
724 1788 818 1872 III.

384 1996 431 2058 De
448 1996 499 2058 ira
516 2009 548 2058 et
563 1994 635 2059 odio
654 1995 879 2059 Romanorum.

109 2201 124 2230 ι,
137 2189 166 2233 Ι,
179 2188 240 2233 Livii
250 2187 389 2235 Salinatoris
401 2187 454 2234 Cos.
467 2213 497 2221 —
509 2202 532 2234 a.
543 2188 568 2234 c.
580 2186 664 2234 Marcii
677 2188 753 2250 Figuli
767 2188 873 2247 juriscos
887 2215 918 2224 -
931 2186 954 2234 3.
968 2191 1126 2236 Patricius-uns.
1139 2216 1170 2225 -

132 2273 151 2320 t.
162 2265 297 2312 inventutis
309 2267 481 2313 romana-5.
495 2265 616 2312 Exercitus
626 2266 723 2312 romani.
737 2266 784 2313 -6
804 2267 881 2314 Plebis
894 2284 1002 2314 sorssors.
1010 2295 1040 2304 -
1050 2284 1071 2329 7.
1081 2269 1171 2328 Q.ble-

132 2345 176 2390 aelli
187 2345 338 2393 Macedonici
348 2359 440 2407 procos.
451 2371 482 2380 -
496 2346 518 2392 ll.
532 2348 558 2392 L.
571 2347 673 2394 Cornelii
683 2346 760 2394 Sullas.

380 2516 428 2578 De
444 2516 492 2578 ira
511 2525 543 2578 et
558 2513 631 2578 odio
653 2515 880 2579 Extemorum.

107 2720 125 2749 r.
138 2706 263 2754 Alexandri
276 2707 400 2770 Μηνὶ-
408 2721 431 2753 a.
442 2707 579 2755 Hamilcaris
591 2707 684 2754 Barcbae
697 2708 766 2753 l’oeni.
774 2734 804 2742 -
812 2709 834 2754 3.
844 2709 982 2756 Hannibalis
995 2711 1088 2758 llsrclsae
1100 2713 1171 2758 Preni.

375 2813 406 2823 -
417 2794 439 2842 4.
452 2786 621 2842 Semiramidis,
636 2775 780 2845 Assyriorum
789 2787 882 2849 reginas.

284 2965 340 3018 DE
367 2965 441 3016 IRA
466 2964 520 3016 ET
546 2961 655 3015 ODIO
681 2961 984 3015 ROMANORUM.

151 3135 225 3213 lra⁴
248 3169 381 3239 quoque
404 3157 438 3212 et
460 3143 571 3212 odium
593 3142 626 3210 in
649 3141 839 3236 pectoribus
860 3141 1014 3210 humanis
1030 3167 1167 3240 magnos

101 3249 217 3321 lluctus
233 3253 381 3321 excitant
398 3276 405 3318 :
426 3274 588 3344 procursu
607 3246 746 3318 celerior
761 3245 835 3334 illa,
856 3247 996 3316 nocendi
1013 3249 1167 3345 cupidine

99 3353 159 3426 boc
181 3357 397 3452 pertinacius.
415 3358 564 3449 Uterque
583 3355 857 3424 consternationis
876 3352 992 3448 plenus
1009 3355 1165 3440 affectus,

97 3483 327 3558 nonunquam
353 3463 422 3532 sine
439 3475 605 3530 tormento
630 3462 680 3528 sui
702 3458 892 3529 violentus:
917 3462 994 3554 quia
1017 3461 1164 3532 dolorem

134 3692 157 3726 s.
175 3674 295 3746 Quoque,
310 3669 338 3724 id
348 3684 401 3736 est,
411 3684 482 3743 atque
493 3684 534 3735 ut,
544 3671 612 3724 sicut
655 3669 734 3722 nibus
745 3683 827 3733 esset,
838 3681 882 3722 aut
892 3689 951 3743 quse
960 3683 1060 3726 natura
1068 3674 1167 3727 incom-

92 3755 217 3806 nonnulli
244 3749 409 3815 ediderunt,
428 3770 460 3804 ex
481 3751 611 3823 interpre·
654 3748 734 3802 moda
747 3750 1165 3816 nonfacileferrentur,nisibo-

91 3831 200 3886 tatione.
654 3829 752 3895 mines,
761 3829 925 3883 humanitate
939 3832 1025 3895 exuti,
1036 3833 1087 3903 ipsi
1096 3833 1165 3894 alter

130 3931 155 3965 a.
169 3911 340 3966 Animalibus.
351 3909 560 3981 Vermibus,qui
570 3923 608 3962 ta·
655 3910 761 3963 alterius
774 3910 869 3963 fierent
883 3921 1003 3963 tortores.

88 3989 159 4044 bidis
169 3991 336 4062 corporibus
350 3989 449 4043 innasci
464 3989 555 4042 solent.
692 3995 717 4052 4.
743 3991 792 4042 Im.
813 3992 854 4042 De
872 4007 923 4061 qua
941 3991 1044 4060 legatur
1056 3989 1162 4044 Seneca.

128 4071 155 4124 3.
167 4073 320 4142 φωνην.
329 4070 440 4142 Egregia
446 4069 545 4123 Valerii
551 4088 609 4122 sen·
652 4067 688 4120 lli
704 4070 847 4140 turpissimi
861 4069 970 4123 allectus
982 4087 1014 4121 eo
1027 4071 1163 4136 tetriores,

86 4153 179 4206 tentia.
199 4149 280 4217 Quid
292 4149 364 4203 enirn
379 4150 504 4204 molestias
520 4149 607 4202 homi·
651 4167 733 4218 quum
740 4149 772 4201 iis
781 4169 835 4202 non
847 4160 948 4202 tanarun
960 4146 992 4201 sd
1004 4149 1167 4204 aliisnocen-
