3110 5134
184 496 279 564 CAP.
306 497 372 579 xl,
398 496 460 564 DE
485 495 661 564 EFFECT.
691 497 867 566 ARTIUM
894 499 1035 566 RARIS.
1079 523 1145 594 ¹⁰7

101 629 184 696 ineo
205 627 441 720 praecurrentia
462 627 601 716 indicia,
628 628 725 698 etiam
754 626 833 696 illud
859 631 1036 716 mirantur,
1060 632 1149 726 quod

100 747 154 800 stat
172 731 384 802 dissimulatae
403 731 647 803 claudicationis
665 732 726 802 sub
744 747 834 802 veste
848 732 963 804 leviter
977 737 1149 829 vestigium

99 836 369 930 repraesentans'3
390 852 507 908 utnon
521 852 688 931 tamquam
705 839 939 931 exprobratum
958 842 1089 928 vitium,
1104 843 1149 910 ita

100 959 261 1036 tamquam
271 958 394 1012 certam
403 945 635 1036 propriamque
644 943 695 1010 dei
705 958 817 1012 notam
826 943 944 1014 decore
953 946 1147 1039 significans.

144 1053 176 1133 Ιι.
201 1049 309 1140 Cujus
328 1048 502 1142 conjugem
516 1046 716 1136 'Praxiteles'
741 1051 776 1118 in
795 1073 959 1120 marmore
974 1052 1066 1144 quasi
1084 1053 1147 1144 spi·

99 1169 216 1222 tantem
236 1156 272 1222 in
290 1151 413 1248 templo
430 1151 627 1224 Gnidiorum
644 1151 835 1242 collocavit,
852 1169 988 1248 propter
1004 1152 1148 1249 pulchri·

99 1259 240 1328 tudinem
270 1262 379 1354 operis
401 1283 420 1326 a
443 1257 616 1328 libidinoso
640 1259 809 1352 cujusdam
836 1259 1007 1354 complexu
1032 1284 1148 1354 parum

100 1379 205 1436 tutam.
229 1365 310 1454 Quo
327 1362 542 1437 excusabilior
562 1378 612 1434 eat
631 1389 724 1432 error
744 1366 835 1458 equi,
856 1367 912 1457 qui
932 1367 1001 1454 uisa
1023 1365 1150 1459 pictura

99 1495 197 1563 rqrae,
216 1471 384 1540 hinnitum
403 1469 499 1541 edere
518 1484 651 1539 coactus
669 1483 738 1556 est·
758 1483 792 1538 et
809 1493 928 1539 canum
943 1470 1078 1542 latratus
1093 1470 1150 1538 ad·

100 1591 204 1668 spectu
230 1560 346 1670 pictae³
370 1577 458 1644 canis
483 1575 659 1644 incitatus·
650 1589 875 1693 ‚taurusque
884 1575 926 1646 ad
947 1600 1092 1649 amorcm
1118 1589 1150 1646 et

100 1682 307 1753 concubitum
334 1705 432 1755 aeneae
464 1704 573 1753 vacere
601 1628 768 1774 sylaeusis
797 1681 904 1752 nimiae
933 1680 1150 1752 airnilitudinis

100 1786 297 1856 irritamento
311 1785 509 1881 compulsus.
526 1786 616 1876 Quid
628 1788 715 1857 enirn
731 1809 835 1856 vacua
849 1777 983 1856 rationis
997 1785 1148 1856 animalia

100 1907 159 1960 arte
171 1893 314 1987 decepta
328 1893 499 1978 miremur,
513 1915 612 1984 quurn
629 1892 770 1960 bominis
785 1889 974 1984 sacrilegam
991 1892 1150 1984 cupidita·

100 2009 156 2064 tem
173 2000 260 2066 muti
278 1995 394 2092 lapidis
411 1997 614 2068 lineamentis
631 1999 806 2068 excitatam
821 1995 1015 2069 rideamus?

148 2100 176 2172 5.
184 2105 353 2175 Caeterum
375 2117 493 2176 natura
515 2102 791 2196 quemadmodum
809 2127 1033 2196 sepenumero
1047 2126 1148 2172 aernu-

99 2204 203 2275 lam
174 2210 296 2277 virium
312 2233 446 2277 suarum
465 2222 569 2278 artem
588 2233 658 2277 esse
676 2211 815 2302 patitur,
833 2210 877 2275 ita
890 2208 1092 2301 aliquando
1085 2209 1151 2274 irri-

100 2325 159 2384 tam
178 2313 266 2384 fesso
286 2313 400 2386 labore
416 2313 574 2397 dimidiu
592 2313 682 2407 quod
704 2315 822 2384 summi
843 2313 976 2384 artificis
995 2313 1150 2442 Euphra·

100 2407 197 2487 noris⁴
223 2444 345 2489 manus
368 2433 560 2502 senserunt3
592 2443 667 2487 narn
690 2443 792 2514 quum
819 2419 954 2488 Athenis
976 2443 1028 2487 xu
1050 2404 1149 2487 deos⁵

137 2599 160 2634 ι.
178 2582 256 2634 Stat
315 2593 492 2653 repraesentans.
508 2583 600 2635 Plures
644 2582 1150 2653 telinibanntVenereaahillcscnlptm.

98 2658 166 2712 RS.
174 2675 200 2713 et
208 2659 271 2714 edd.
281 2674 348 2714 stem
357 2674 519 2732 repraesentat,
527 2660 600 2733 quod
685 2661 711 2714 3.
728 2663 851 2732 Adspectu
860 2666 941 2732 pictoe.
951 2660 1025 2714 Leid.
1040 2679 1089 2714 sec.
1104 2661 1149 2712 ad-

97 2738 245 2794 Perixonius
257 2741 344 2802 malit,
355 2759 389 2792 ne
397 2738 450 2794 duo
462 2741 600 2812 participia
644 2752 724 2811 spectu
733 2746 810 2810 picea,
822 2759 873 2812 pro
884 2745 971 2810 plere,
982 2753 1013 2792 ut
1027 2741 1092 2792 solet
1104 2740 1150 2792 ille

95 2829 148 2870 tan
157 2819 312 2890 propinquis
321 2819 351 2872 in
361 2821 427 2873 locis
440 2831 600 2873 concurrant
643 2819 1061 2890 proababereesimplex.ltaqne
1067 2837 1149 2889 quum

96 2897 147 2947 uni
156 2899 237 2949 verbo
247 2897 430 2952 connectenda.
439 2931 480 2942 --
490 2903 530 2952 lta
539 2911 599 2950 mm·
643 2898 687 2950 bic
700 2911 790 2969 agatur
804 2896 838 2949 de
853 2898 1021 2962 animalibus,
1037 2915 1095 2967 quat
1107 2896 1153 2948 ad·

94 2993 178 3046 qum.
197 2975 272 3046 Pigh.
291 2989 316 3030 et
335 2979 423 3032 cotes.
443 2990 528 3031 tamen.
548 2975 600 3030 Sed
643 2989 734 3048 spectu
749 2977 880 3046 pictarum
900 2977 940 3027 sui
958 2977 1060 3046 generis
1075 2976 1150 3027 lerni-

96 3055 471 3128 pleriqreavaqnam‚etcmat
479 3057 600 3109 Valerius
643 3073 738 3108 narum
763 3056 790 3106 in
813 3071 934 3106 venerem
955 3053 1151 3114 accenduntur,

94 3135 158 3186 tales
165 3135 333 3206 “petitiones
346 3133 464 3206 ejusdem
474 3136 561 3201 verbi,
571 3147 600 3186 ut
643 3134 695 3186 hoc
706 3132 771 3186 adeo
783 3149 875 3188 verum
884 3133 1028 3186 Tormnius
1040 3133 1151 3185 arbitra·

95 3213 238 3266 Tcrrenins
248 3215 407 3268 connivit.
644 3225 753 3278 tuaest,
774 3223 804 3264 ut
816 3211 954 3264 restituere
972 3231 1027 3264 non
1045 3210 1150 3266 dubiu-

138 3313 162 3345 ι.
185 3295 329 3348 emicem.
354 3293 447 3345 AElian.
470 3293 523 3350 lx,
550 3293 600 3360 393
644 3292 720 3344 verit.
732 3291 774 3344 Sic
785 3311 854 3343 cauea
867 3301 953 3342 moestoe
967 3290 1150 3362 Senecllipp.

94 3371 138 3434 11,
155 3373 186 3436 33
202 3373 271 3425 Ptin.
287 3373 307 3424 1.
321 3391 362 3437 α,
380 3385 408 3424 et
422 3371 536 3433 XXXV,
557 3389 600 3424 ro.
648 3371 731 3424 1108.
749 3370 843 3423 Ceteri
856 3387 947 3422 omnes
959 3373 1027 3439 picti.

94 3449 189 3522 Consus
208 3453 324 3504 Vulcani
344 3453 438 3504 Venus
454 3463 505 3515 eat,
528 3453 602 3522 cujus
687 3456 711 3514 4.
733 3450 907 3519 anamma.
919 3447 982 3502 Vid.
997 3449 1151 3502 Pausaniam

92 3530 262 3584 sinamur
276 3543 333 3584 toto
348 3533 413 3586 orbe
427 3531 601 3595 celebratum
645 3529 724 3582 Attic.
737 3529 804 3593 XL;
820 3529 888 3584 Plin.
906 3527 1020 3590 XXXV,
1041 3547 1084 3592 ιι,
1097 3529 1152 3581 En·

91 3609 165 3678 qnod
186 3623 218 3662 nt
231 3608 370 3673 viderent,
385 3610 461 3662 motti
482 3609 602 3668 Gnidum
644 3608 804 3678 pbranorem
811 3605 1071 3670 admirandumfecit,
1078 3607 1150 3678 quod

92 3689 260 3760 navigarunt.
275 3689 397 3752 Gnidus,
408 3708 460 3742 una
475 3708 490 3741 e
501 3691 528 3740 V
540 3689 603 3741 civi·
645 3699 672 3740 et
681 3688 780 3740 caeteris
789 3687 896 3758 optimis
906 3685 999 3738 studiis
1010 3685 1079 3738 inter
1087 3705 1152 3756 prae-

91 3769 189 3821 nitu
203 3770 307 3821 Doricae
317 3767 439 3831 Graecia,
454 3769 500 3820 ubl
513 3767 602 3823 nobile
645 3767 751 3837 cipum,
763 3764 890 3836 pingendi
901 3762 1069 3836 fingendique
1082 3763 1151 3817 idem

91 3848 601 3919 luitVeneristernplnm.-Cujusdam.
645 3847 729 3898 mirus
744 3846 836 3900 artifex
851 3845 910 3897 fuit.
925 3845 1017 3910 Quint.
1035 3845 1097 3895 XII.
1111 3877 1150 3886 -

91 3927 207 3979 Macarei
229 3925 375 3991 retinenti,
393 3939 458 3980 teste
476 3927 601 3980 Lucieno.
645 3924 779 3980 Corradus
790 3923 1088 3990 observat‚Pausaniam
1100 3923 1153 3974 hoc

91 4005 121 4057 ld
138 4025 207 4058 vero
220 4025 274 4058 non
294 4005 394 4070 Gnidi,
411 4003 457 4059 sed
478 4007 505 4058 in
526 4007 602 4058 Samo
646 4023 713 4076 opus
727 4005 755 4056 in
771 4004 862 4057 Atticis
873 4003 989 4056 tribuere
1000 4001 1130 4053 Praxiteli.

90 4083 234 4147 accidisse,
250 4085 329 4140 refert
343 4087 484 4138 Athenaeo
498 4104 504 4138 :
521 4085 602 4138 etalii
689 4085 713 4136 5.
730 4085 801 4135 Deos.
814 4083 911 4135 Forsan
927 4093 1060 4139 comentes,
1077 4097 1120 4132 sex
1137 4099 1153 4131 a

89 4165 166 4217 inter
174 4181 241 4234 qnos
250 4165 306 4233 ipse
314 4165 427 4232 Plinius,
438 4164 502 4219 duas
515 4165 605 4217 Praxi·
647 4163 758 4221 dextris,
771 4161 880 4216 totidem
894 4181 909 4213 a
924 4160 1044 4214 sinistris.
1056 4190 1094 4200 -
1105 4161 1154 4211 Pe·
