3108 5136
359 437 427 530 198
500 429 509 466 ³
552 439 771 506 VALEllll
799 439 1003 506 MthMl
1031 439 1125 506 ΗΒ.
1154 439 1218 506 lX.

353 568 492 637 tondere
519 567 602 640 lilius
626 591 701 639 suns
721 570 856 640 docuit:
878 593 1018 664 qtmrum
1042 571 1187 664 ipssmm
1198 569 1220 656 ¹,
1242 585 1413 665 postquam

353 673 474 744 adutsae
489 677 575 745 aetnti
586 676 915 772 appropinquabant,
929 678 1083 746 manibus
1095 677 1222 746 lenum
1235 701 1302 745 non
1316 701 1415 746 ausus

354 783 576 869 committere,
595 784 752 868 instituit,
771 799 809 852 ut
826 783 1037 852 candentium
1049 783 1257 878 juglandium
1272 787 1414 878 putami-

353 889 452 958 nibus
470 889 607 958 barbam
623 890 684 959 sibi
699 905 732 958 et
747 888 902 985 capillum
921 889 1116 978 adurerent3
1134 915 1197 960 nec
1214 891 1413 960 securiorem

354 995 509 1064 maritum
519 997 601 1090 egit,
611 1021 710 1090 quam
720 1011 864 1090 pstrem3
876 996 1017 1066 duanim
1028 997 1116 1066 enim
1125 997 1242 1067 eodem
1251 1011 1414 1092 tempore,

352 1101 599 1172 Aristomaches
610 1126 815 1197 syracusano
829 1117 863 1172 et
871 1103 1028 1174 locrensis
1038 1103 1188 1186 Doridis,
1199 1104 1414 1174 matrimoniis

353 1205 512 1301 illigatus,
525 1211 674 1278 neutrius
688 1233 850 1303 unquam,
866 1211 927 1280 nisi
944 1234 1087 1280 excusse
1096 1208 1120 1295 ²,
1134 1209 1343 1304 complexum
1358 1235 1412 1304 pe·

353 1314 423 1398 tiit;
434 1329 533 1409 atqire
545 1317 643 1385 etism
655 1315 877 1386 cubicularem
891 1315 1027 1401 lectum,
1042 1316 1178 1411 perinde
1189 1317 1283 1410 quasi
1295 1331 1414 1400 emus,

354 1417 417 1487 lata
431 1420 518 1490 fosse
529 1423 650 1490 cinxit:
665 1423 699 1492 in
710 1447 809 1518 quem
824 1448 858 1492 se
873 1421 981 1517 ligneo
993 1439 1095 1517 ponte
1109 1422 1302 1518 recipiebat,
1314 1447 1412 1516 quum

354 1525 459 1596 forem
474 1527 617 1598 cubiculi
636 1532 840 1602 eruhuecus
857 1553 876 1598 n
890 1529 1082 1600 enodibus
1096 1543 1268 1624 opertum,
1285 1530 1413 1599 interio

355 1657 425 1701 rem
440 1634 584 1704 claustro
599 1635 669 1729 ipse
683 1635 857 1730 diligenter
870 1635 1064 1708 obserasset.

660 1802 904 1929 curun
949 1841 1088 1925 xiv.

565 2035 611 2095 De
629 2029 959 2118 sunilieudiuefiirmoe
977 2031 1201 2094 Romanorum.

356 2213 374 2242 r.
389 2200 433 2244 Cu.
445 2199 550 2258 Pompeii
564 2197 644 2260 Msgni
656 2213 709 2244 cnm
721 2197 794 2243 Vibio
805 2205 828 2243 et
840 2195 955 2244 Publicio.
969 2219 999 2230 -
1014 2211 1037 2242 n.
1049 2197 1093 2244 Cn.
1109 2197 1214 2256 Pompeii
1230 2195 1351 2244 Strrbonis
1366 2209 1414 2240 curs

384 2277 514 2337 Menogenis
531 2292 615 2338 coquo.
634 2303 664 2312 -
687 2277 708 2322 3.
728 2280 754 2322 Ρ.
775 2276 892 2338 Scipionis
910 2275 1000 2322 uades
1016 2291 1070 2322 cum
1086 2276 1211 2337 Serapione
1229 2275 1367 2322 victimario.
1390 2301 1413 2309 -

384 2361 408 2406 l..
423 2358 448 2400 P.
463 2356 556 2400 Lentuli
570 2366 594 2401 et
613 2358 642 2413 Q.
659 2357 750 2402 Metelli
766 2371 824 2402 coss.
844 2371 897 2402 cum
914 2355 1038 2416 Spinthere
1051 2365 1074 2401 et
1085 2355 1206 2416 Pamphilu
1220 2355 1376 2400 histrionibus.
1387 2381 1413 2389 -

386 2433 408 2478 5.
420 2435 454 2480 hl.
466 2434 578 2480 ldrssrllae
590 2443 613 2479 et
626 2437 652 2482 C.
666 2435 772 2482 Curionis
787 2449 839 2480 cunr
850 2435 982 2496 Menegere
995 2443 1018 2479 et
1030 2433 1147 2480 Burbuleo
1159 2433 1261 2480 scenicis.

565 2559 612 2621 Dc
630 2555 960 2643 stinilitudineformoe
977 2557 1206 2622 Extcruorum.

358 2713 376 2742 r.
393 2697 500 2744 Antiochi
511 2699 572 2759 regis
583 2699 653 2756 Syrie
665 2713 717 2744 cum
730 2700 854 2744 Artemone
865 2697 974 2757 quodum.
987 2723 1016 2732 —
1029 2711 1050 2742 π.
1065 2697 1162 2756 uybreae
1175 2699 1273 2743 orrtoris
1285 2713 1340 2744 eum
1353 2713 1417 2744 servo

464 2778 609 2836 Cynicorum
623 2777 727 2838 publico.
738 2803 769 2811 -
783 2777 803 2822 3.
817 2775 889 2822 Siculi
902 2775 1023 2836 piscatoris
1035 2790 1088 2820 cum
1100 2785 1199 2836 praetore
1210 2789 1314 2822 roman.

442 2919 496 2970 DE
516 2917 839 2971 SlMlLlTUDlNE
860 2915 1019 2968 Fortun:
1039 2915 1335 2970 ROMANORUM‚

410 3055 463 3120 De
480 3052 689 3122 similitudine
707 3065 816 3119 nutem
838 3051 920 3134 oris,
936 3063 970 3116 ct
985 3051 1083 3118 totius
1100 3053 1265 3145 corporis,
1284 3037 1421 3122 ³altiore

403 3239 553 3308 mimarum.
569 3236 677 3307 Pighius
691 3235 759 3286 hanc
774 3251 865 3285 vocem
909 3228 962 3285 dici
977 3250 1052 3302 posse
1067 3231 1188 3299 videtur,
1201 3246 1231 3286 ut
1248 3253 1296 3285 rus
1307 3246 1422 3287 castum

359 3319 494 3388 expunxit.
513 3317 591 3370 Male.
608 3314 713 3366 Etenim
728 3331 782 3366 non
798 3311 865 3366 nihil
910 3309 980 3382 apud
990 3312 1084 3382 Virgil.
1097 3314 1181 3384 Aqua
1194 3315 1344 3384 conjecturs
1351 3315 1423 3368 Tor·

358 3397 427 3451 valet
440 3401 542 3466 ipsarum
557 3393 590 3448 nd
609 3391 806 3464 exprimendam
823 3405 865 3462 ty·
909 3393 998 3446 renius
1011 3411 1071 3463 nun
1087 3393 1219 3447 abhorret.
1239 3393 1310 3446 Num
1318 3395 1424 3465 juglans

358 3477 436 3531 rsnni
447 3473 635 3538 diffidentiam,
646 3473 691 3545 qui
702 3492 735 3526 ne
746 3472 800 3526 suis
810 3471 866 3542 qui·
909 3469 979 3525 idern
999 3473 1033 3526 sit
1053 3493 1083 3527 rc
1101 3473 1167 3527 Ievis
1179 3475 1268 3543 glans?
1281 3473 1346 3528 vid.
1363 3475 1424 3527 Ma-

360 3557 421 3611 dem
434 3556 537 3609 filiabus
549 3553 631 3606 vitam
644 3552 809 3606 committere
824 3571 867 3604 nu·
910 3555 983 3606 crob.
999 3555 1042 3619 Π,
1060 3562 1093 3618 14
1103 3574 1111 3618 3
1122 3565 1148 3606 et
1161 3554 1273 3608 Grnvitu
1284 3554 1379 3608 Breuis
1388 3554 1425 3608 de

361 3657 404 3691 sus
416 3649 463 3689 est.
471 3635 556 3687 Immo
564 3632 657 3686 Cicero
669 3633 697 3685 in
708 3631 819 3703 hncipsa
828 3651 866 3696 re,
911 3633 1107 3704 Significatione
1120 3635 1272 3687 verborum.

358 3715 475 3782 Turev,
486 3729 510 3766 et
520 3725 596 3766 tamen
609 3711 640 3762 ab
652 3713 699 3764 illu
712 3715 768 3782 ipsis
774 3715 867 3778 ferrieres
953 3734 978 3766 s.
992 3715 1114 3768 Errmsoe.
1130 3713 1215 3766 Probe
1228 3713 1427 3785 pervestigare,

358 3801 463 3850 rainonis.
472 3829 512 3839 -
522 3791 738 3862 legissumme
748 3811 868 3863 expresse
912 3813 944 3845 nn
960 3794 1059 3846 serrum
1070 3795 1187 3847 heberet.
1199 3795 1238 3846 De
1252 3789 1356 3854 Doride,
1365 3794 1428 3848 vid.

358 3877 401 3932 od.
422 3889 473 3930 vet.
490 3873 605 3941 Quidum
615 3873 768 3942 juglandium
782 3892 810 3922 oc
823 3891 867 3924 ren·
912 3873 1007 3926 AElinn.
1021 3874 1078 3937 lx,
1096 3875 1127 3936 s;
1142 3874 1223 3938 xm,
1240 3891 1282 3925 ro.
1297 3873 1428 3943 Pighius,
1542 3907 1543 3914 κ

358 3979 410 4012 cum
417 3957 588 4028 putaminibus.
599 3951 637 4003 Ex
649 3954 738 4023 glossa.
746 3953 869 4004 Vorstius
914 3953 1024 4006 Colerus
1036 3965 1063 4006 et
1073 3953 1189 4024 Thyrius
1202 3952 1318 4013 Clorhlis,
1332 3955 1429 4008 minus

358 4037 465 4110 conjicit
488 4035 642 4106 juglundium
672 4053 769 4094 nusum·
797 4031 869 4104 quod
913 4047 997 4098 recte,
1012 4045 1138 4086 etcontrs
1151 4033 1240 4086 libros.

356 4119 395 4186 illi
418 4138 466 4170 rtur
486 4118 584 4186 juglans
610 4133 655 4183 per
678 4114 868 4184 oppositionem
955 4111 1347 4167 nAtenmtttudirtorsmad
1356 4115 1431 4167 Ans·
