3108 5136
378 526 445 592 DE
474 525 737 628 NOMINUM
765 525 1014 596 RATIONE.
1149 553 1220 600 aur

161 657 217 726 nia
239 654 403 726 celebrata
422 670 480 726 est.
501 657 619 726 Fertur
637 658 742 744 enirn,
764 657 878 727 Caium
901 657 1068 728 Gaeciliam
1088 662 1226 756 Tarqui-

161 764 210 830 nii
224 763 327 832 Prisci
345 763 431 856 regis
449 785 587 832 uxorem
602 765 761 858 optimam
780 763 943 833 lanificam
963 764 1082 836 fuisse:
1100 780 1134 835 et
1150 769 1225 837 ideo

161 867 348 938 institutum
367 893 454 957 esse,
472 883 510 938 ut
523 893 618 939 novus
638 883 748 964 nuptae
763 883 841 938 autc
853 870 990 964 januum
1004 873 1113 942 mariti
1130 873 1227 944 iuter

162 989 307 1070 rogatu,
333 999 483 1069 quaenem
510 990 727 1064 vocarentur,
757 976 890 1046 Cuiam¹
920 1001 990 1047 esse
1019 1001 1054 1048 sc
1080 977 1228 1056 dicerent

164 1081 204 1148 C.
223 1081 322 1149 Titii..

161 1258 229 1300 tasse
240 1245 327 1298 Manio
337 1246 382 1300 hic
394 1243 534 1318 legendum
545 1245 609 1313 erit,
624 1265 674 1319 pro
717 1251 805 1318 juncta
819 1259 870 1313 est,
886 1246 920 1300 de
929 1247 1153 1319 'appellationibus
1171 1269 1227 1304 mu·

161 1326 264 1380 mm.
616 1329 619 1339 “
717 1327 889 1397 Quaerunt,
907 1339 934 1380 et
955 1327 1090 1380 vocabulis
1110 1328 1228 1384 historiar

207 1424 231 1458 r.
244 1405 330 1459 Caium
341 1425 420 1458 essese
431 1405 545 1458 ducunt.
558 1407 589 1457 ln
599 1403 676 1458 Cam·
718 1407 850 1460 llomanrc.
860 1405 927 1472 Quis
937 1419 1024 1460 sutem
1035 1407 1079 1460 liic
1085 1409 1171 1462 Julius
1179 1410 1229 1464 Pa·

160 1486 237 1556 pensi
254 1485 305 1551 ita,
321 1483 406 1538 wrm
421 1504 469 1538 esse
483 1485 627 1537 rediment
641 1485 672 1539 C.
716 1485 768 1551 ris,
779 1486 855 1540 fateri
867 1503 972 1539 necare
979 1498 1033 1552 est,
1044 1505 1100 1540 nou
1110 1487 1224 1559 liquere:

165 1565 235 1618 Titii.
249 1561 352 1618 Deinde
365 1565 499 1636 sequitur:
513 1565 586 1617 Finit
597 1567 672 1635 epito-
716 1565 836 1636 quamvis
858 1581 889 1618 ex
909 1564 1025 1618 nominis
1038 1565 1121 1620 forma
1139 1569 1227 1640 colligi

162 1664 202 1696 ma
213 1644 244 1696 de
255 1643 387 1696 nominibus
400 1645 550 1696 historiarum
563 1657 589 1696 et
597 1663 673 1696 aem-
716 1644 771 1697 l'erc
782 1644 878 1716 possit,
892 1644 1017 1698 libertum
1027 1645 1106 1698 titisse
1118 1645 1228 1702 doctum

158 1725 253 1794 piomm
265 1723 433 1776 Romanorum.
449 1720 523 1790 Quid
537 1735 625 1777 autem
638 1741 672 1776 ex
715 1723 829 1795 aliquem
844 1721 940 1778 domus
949 1723 1042 1789 lulio,
1056 1725 1178 1796 qualibus
1185 1727 1228 1781 uti

160 1803 204 1856 lais
227 1803 316 1874 colligi
338 1805 437 1874 possit,
457 1800 566 1857 rideant
590 1801 671 1856 docti.
715 1803 836 1856 solebant
846 1802 1090 1873 grammaticis,vel
1104 1803 1227 1878 pedago-

160 1883 230 1936 Mihi
245 1881 352 1954 quidem
371 1882 485 1955 euspicio
503 1881 625 1934 oboritur
639 1883 672 1934 li·
714 1882 766 1951 gis,
778 1883 819 1936 vel
829 1883 986 1954 anagnostia.
1000 1884 1035 1934 At
1047 1884 1132 1937 multo
1145 1887 1227 1957 magu

160 1963 262 2016 brerios
276 1961 403 2034 quosdam
417 1975 515 2015 temere
527 1961 583 2014 hec
595 1962 672 2014 aliter
713 1963 857 2016 obscurum
870 1975 924 2028 est,
937 1963 996 2034 qsris
1008 1962 1089 2016 fuerit
1101 1963 1227 2020 C.Titius

159 2041 310 2095 distinxisse
322 2042 374 2095 hoc
387 2038 482 2106 modo,
497 2040 527 2094 C.
542 2041 604 2094 Titii
608 2037 672 2110 finit
714 2039 817 2094 Probus
829 2041 875 2095 laio
883 2041 956 2095 velut
964 2053 1056 2095 unctor
1061 2043 1188 2114 epitomes
1197 2045 1225 2098 iu

159 2125 275 2193 epitoma,
292 2131 342 2174 etc.
353 2133 430 2192 atque
441 2119 504 2174 inde
515 2120 670 2192 opinionem
714 2119 847 2192 impressis
856 2119 931 2174 libris
939 2119 1062 2192 prelixus
1071 2140 1079 2175 :
1088 2141 1169 2194 quem
1177 2143 1227 2196 ego

159 2213 249 2254 natam
273 2201 305 2254 C.
327 2201 430 2254 Titium
456 2211 590 2252 auctorem
616 2217 671 2252 esse
714 2198 822 2270 quidem
841 2200 869 2252 iu
887 2201 1072 2272 manuscriptis
1093 2202 1226 2257 veteribus

159 2281 239 2353 hujus
251 2281 394 2352 epitomes,
408 2279 476 2334 sicut
490 2297 562 2332 nunc
575 2278 604 2331 in
620 2279 672 2331 im·
714 2275 835 2334 nondum
861 2279 967 2349 reperi,
994 2291 1169 2352 preterquam
1198 2283 1226 2336 iu

158 2361 255 2433 pressis
261 2356 592 2432 exemplaribusproditur.
601 2357 670 2410 Pro-
714 2357 808 2418 unius,
822 2370 852 2411 ut
862 2355 933 2423 dixi,
943 2360 1097 2431 Campensis
1105 2361 1175 2414 calce
1183 2361 1227 2415 ad·

158 2439 303 2494 saliuncula
321 2451 424 2504 tamen,
450 2439 512 2490 licet
530 2457 545 2490 o
560 2433 670 2490 diversis
711 2437 825 2507 jectum3
840 2449 919 2510 etque
933 2438 983 2499 ita,
998 2451 1028 2491 ut
1041 2437 1074 2492 ad
1087 2439 1170 2511 ipsam
1182 2461 1226 2495 er·

157 2517 335 2574 diversimode
354 2518 495 2582 fabricata,
509 2515 604 2570 nullibi
618 2517 670 2570 hoc
714 2527 824 2570 tremam
837 2518 976 2589 fragmenti
985 2517 1056 2572 illins
1068 2521 1225 2574 senteutiam

157 2597 274 2665 iudioet3
296 2596 388 2652 sedin
401 2594 560 2669 quibusdam
572 2593 672 2648 codici·
712 2596 802 2665 potius
825 2598 973 2668 pertinere,
992 2616 1072 2670 quam
1091 2611 1226 2654 auctorem

157 2679 227 2744 bns,
249 2691 279 2732 ut
294 2677 363 2743 dixi,
382 2677 469 2730 Julius
488 2675 561 2730 Poris
577 2676 670 2728 abbre-
712 2675 769 2744 ejus
780 2688 873 2729 notare
881 2675 1011 2730 videatur.
1025 2679 1094 2730 Nam
1105 2679 1127 2731 si
1141 2677 1238 2753 rapi-¹

157 2759 244 2812 viator
259 2757 351 2811 decem
363 2756 492 2810 librorum
505 2754 607 2808 Valerii
621 2774 670 2807 no·
712 2753 811 2807 ciamus
832 2753 866 2807 ed
885 2755 1021 2809 solennem
1044 2757 1120 2809 illum
1144 2759 1226 2812 rituru

158 2839 288 2904 minatur,
307 2855 421 2909 quorum
440 2833 537 2888 decimi
555 2835 670 2906 epitome
712 2834 883 2906 nuptiarum,
895 2836 968 2906 cujus
979 2833 1057 2888 ibiiit
1071 2837 1185 2902 mentio,
1199 2851 1227 2892 et

157 2917 215 2972 linc
233 2931 272 2972 est
288 2915 322 2970 de
339 2916 478 2969 nominum
493 2914 604 2968 ratione.
618 2913 670 2967 Sed
713 2929 793 2983 quem
804 2913 884 2966 etiam
900 2913 1012 2984 pulchre
1026 2914 1184 2968 Plutarchus
1197 2917 1225 2970 in

157 3000 233 3070 cujus
247 3016 335 3070 quaeso
347 2993 468 3048 Valerii?
483 3011 544 3046 uam
563 2990 596 3046 od
611 2993 669 3046 Ma·
712 2990 924 3048 Problematibus
954 2992 1079 3063 exponit;
1106 2995 1226 3064 prolecto

157 3077 223 3130 rimi
242 3088 426 3148 argumentum
447 3091 482 3126 ne
497 3085 595 3144 puncto
610 3074 670 3144 qui·
713 3087 768 3122 nou
783 3071 872 3142 inepte
884 3089 952 3123 nova
964 3083 1048 3142 nupta
1057 3089 1088 3124 ex
1097 3090 1172 3126 more
1183 3075 1225 3127 iu·

157 3155 220 3210 dem
229 3175 283 3210 uuo
292 3154 400 3210 accedit.
410 3151 671 3224 ltnqnevideturpo·
712 3161 842 3222 terrogat:
857 3163 940 3204 semet
954 3168 1132 3224 sponsumque
1146 3171 1225 3208 suum

157 3238 212 3290 tius
226 3255 281 3290 esse
303 3235 411 3289 alterius
425 3233 535 3304 alicujus
548 3231 667 3289 Veteris,
711 3229 780 3283 hene
790 3229 906 3284 ominare
916 3229 1095 3297 nominando,
1106 3231 1225 3286 Cuiam·

156 3315 307 3389 qrsidecem
315 3315 398 3368 lilsros
407 3331 461 3366 non
471 3311 668 3384 exemplorum,
712 3327 762 3360 esse
780 3307 885 3363 dicebat
907 3309 937 3362 C.
959 3303 1032 3372 Titii,
1053 3311 1095 3364 vel
1115 3311 1145 3364 C.
1164 3313 1226 3366 Titii

155 3395 205 3450 sed
222 3394 256 3450 de
267 3396 357 3468 lingua
373 3393 454 3446 latina
469 3391 590 3463 scripsit,
602 3409 669 3462 quos
713 3387 802 3450 Probi,
815 3385 1107 3443 utvideuturhsbuisse
1115 3389 1225 3463 quidam

155 3477 244 3528 Julius
259 3476 332 3529 Paris
348 3474 375 3526 iu
396 3473 529 3544 epitomen
544 3469 666 3542 redegit:
712 3466 831 3530 codices,
845 3488 878 3523 ex
887 3467 983 3540 quibus
998 3487 1096 3522 nomen
1110 3472 1224 3526 auctoris

155 3569 183 3610 et
192 3575 285 3608 eorum
298 3552 395 3608 decimi
403 3551 520 3624 epitome
529 3562 669 3621 propterea
712 3547 787 3601 istius
802 3549 956 3602 translatum
977 3545 1070 3602 estad
1092 3551 1225 3621 prefatio-

154 3625 295 3688 aliisi-ariis
306 3632 407 3686 Valerii
416 3629 526 3684 Maximi
534 3629 610 3682 libris
620 3648 669 3681 uo·
712 3645 774 3679 nem
792 3627 864 3680 illam
884 3628 1007 3700 primaru.
1028 3629 1103 3682 luter
1124 3631 1222 3701 priscas

155 3734 216 3768 vern
240 3713 340 3784 adjecta
364 3724 404 3765 est
424 3707 576 3783 appendicis
596 3709 668 3773 rice,
712 3705 1224 3779 euimnuptiuruurcerimoniusetillud

153 3795 217 3868 quis
229 3793 346 3847 breviter
361 3803 388 3844 et
402 3791 534 3844 succincte
544 3805 670 3841 romano-
713 3798 785 3852 erat,
803 3784 876 3858 quod
888 3785 1050 3858 auspicatum
1064 3787 1225 3849 habebatur,

153 3894 215 3928 rum
241 3873 381 3926 nominum
403 3871 519 3924 rationes
543 3865 670 3940 explicet,
713 3883 840 3936 sponsum
853 3867 895 3920 vel
904 3867 1070 3938 sponsamab
1081 3867 1158 3920 initio
1174 3887 1225 3920 nu-

152 3974 209 4026 quo
226 3952 322 4008 melius
341 3968 450 4004 romana
466 3945 568 4001 Valerii
582 3964 668 4001 exem·
711 3945 829 4016 ptiarum
848 3965 903 3999 nou
918 3957 971 3998 tam
994 3945 1128 4018 propriis,
1146 3965 1225 4017 quam

150 4035 198 4108 pira
212 4044 321 4106 possent
341 4027 454 4100 intelligi
471 4028 504 4080 ab
519 4024 668 4098 imperitio-
711 4025 780 4078 bene
794 4025 900 4092 iuuetis,
911 4044 941 4078 ac
953 4024 1078 4077 eminetis
1094 4025 1226 4102 appellare

149 4115 236 4168 ribus.
248 4113 311 4178 Quo
324 4109 376 4163 line
390 4121 416 4162 et
429 4108 479 4162 alia
493 4107 537 4160 illa
552 4105 668 4178 epitome
713 4105 875 4158 nominibus.
887 4101 1120 4171 Quemadmodum
1135 4116 1161 4156 et
1171 4105 1225 4157 vir·

148 4194 179 4248 iu
208 4189 352 4262 Campensi
370 4189 441 4242 libro
457 4199 518 4258 post
537 4185 605 4240 hauc
621 4183 667 4238 ud·
701 4183 876 4264 ‘ginesVestss
884 4182 1033 4245 sumendas,
1043 4182 1164 4254 pontifex
1172 4202 1226 4237 rnu-

1365 475 1371 516 i
