3110 5134
202 509 310 576 CAP.
340 509 448 593 XIV,
475 510 543 576 DE
571 509 802 578 CUPlDlT.
832 511 1055 580 GLORIAE.
1091 537 1161 608 ¹¹9

111 639 264 734 quamdiu
293 663 466 710 romanum
499 640 672 734 imperium
699 639 850 728 floreret,
874 655 906 712 ct
926 643 1036 714 Africa
1063 643 1165 714 ltaliae

111 745 246 842 pedibus
260 760 345 815 esset
360 745 520 838 subjecta,
537 747 703 840 totiusque
717 758 879 818 terrarum
895 748 984 820 orbis
999 773 1164 822 summum

110 849 262 920 columen
284 875 343 920 arx
365 850 541 947 capitolina
561 851 759 946 possideret,
782 875 897 924 eorum
917 855 1079 948 exstingui
1097 881 1163 924 me·

111 959 250 1030 moriem
276 983 343 1028 non
370 981 489 1052 posse;
516 959 543 1028 si
567 972 677 1028 tamen
702 957 870 1030 literarum
895 983 1026 1054 quoqne
1054 960 1166 1032 lumen

111 1063 169 1134 illis
199 1065 406 1151 accessisset,
428 1064 538 1158 magni
564 1065 745 1147 aestimans,
770 1065 820 1133 vir
847 1067 1044 1153 Homerico,
1067 1091 1165 1159 qnam

112 1169 200 1238 rudi¹
220 1183 318 1263 atque
336 1167 484 1264 impolito
502 1171 682 1264 preconio,
704 1169 842 1264 dignior.

165 1302 198 1346 a.
219 1274 373 1345 Similiter
398 1274 599 1346 honoratns²
624 1277 752 1346 animm
774 1299 852 1370 erga
878 1283 1009 1369 poetam
1030 1278 1165 1348 Accium

112 1385 152 1450 D.
173 1383 285 1468 Bruti,
299 1381 365 1450 suis
380 1381 583 1475 temporibus
601 1379 680 1454 clari
697 1381 806 1468 ducis,
818 1383 949 1452 exstitit
966 1383 1059 1474 enjus
1075 1382 1167 1452 lami·

112 1487 184 1556 lieri
195 1485 287 1556 cultu
302 1502 335 1556 et
347 1502 502 1582 prompta
519 1486 705 1558 laudatione
722 1487 918 1574 delectatus,
928 1489 999 1580 ejus
1019 1489 1166 1562 versibus

113 1591 311 1689 templorum
324 1592 446 1678 aditus,
455 1619 529 1688 que
542 1619 582 1663 ex
594 1579 774 1666 manubiis³
789 1607 1059 1682 consecraverat,
1071 1594 1167 1666 ador·

114 1713 213 1772 nant

168 1802 201 1874 3.
220 1805 273 1874 Ne
290 1806 465 1898 Pompeius
485 1805 618 1898 melem
640 1807 783 1900 Magnus
807 1805 849 1876 ab
870 1805 934 1876 hoc
952 1804 1074 1876 aflectu
1094 1803 1168 1898 glo·

115 1913 171 1978 rire
191 1897 361 1998 aversusl,
382 1912 439 2005 qui
459 1909 695 2006 Theophanem
717 1909 952 2005 mitylenem,
975 1913 1168 2006 scriptorem

115 2041 224 2086 rernm
255 2040 412 2102 wmum,
441 2018 475 2086 in
502 2019 662 2086 concione
689 2015 829 2086 militum
858 2017 989 2086 civitate
1016 2016 1169 2100 donavit;

117 2121 311 2192 beneficium
338 2147 398 2217 per
425 2147 459 2194 se
482 2122 650 2218 amplum,
675 2137 828 2194 accurata
853 2123 952 2194 etiam
980 2134 1013 2191 et
1034 2107 1170 2192 testata⁵

118 2229 264 2298 oratione
284 2242 498 2322 prosecutus:
521 2254 587 2323 quo
605 2228 760 2300 effectum
782 2244 852 2314 est,
874 2243 912 2298 ut
929 2230 1060 2321 nequis
1077 2227 1171 2298 dubi·

119 2348 216 2420 taret,
233 2335 313 2428 quin
331 2334 468 2404 referret
484 2337 595 2429 potius
610 2336 766 2430 gratiam,
783 2359 883 2428 qnam
902 2334 1081 2404 inchoaret.

171 2444 203 2524 4.
225 2443 264 2510 1.
286 2454 396 2512 autem
413 2425 538 2528 Sulla⁶,
559 2441 619 2512 etsi
641 2439 684 2510 ad
705 2441 869 2512 neminem
889 2441 1082 2533 scriptorem
1101 2440 1170 2508 ani·

120 2571 208 2614 mum
228 2546 363 2634 direxit,
379 2559 489 2618 tamen
503 2545 675 2641 Jugurahe
690 2571 709 2616 a
723 2547 857 2618 Boccho
875 2571 952 2640 rege
970 2546 1013 2618 nd
1028 2547 1172 2614 Marium

117 2651 268 2746 perdocti
289 2666 391 2722 totam
415 2652 477 2722 sibi
499 2650 628 2722 laudem
651 2667 719 2724 tam
739 2651 857 2746 cupide
878 2653 1033 2737 asseruit,
1052 2666 1090 2721 ut
1111 2675 1173 2720 an·

118 2757 214 2846 nulo,
228 2783 295 2852 qno
313 2759 492 2853 signatorio
511 2759 683 2846 utebatur,
700 2756 896 2851 insculptam
916 2756 1004 2829 illam
1026 2756 1174 2826 traditio-

121 2887 197 2934 nem
218 2863 371 2952 haberem
393 2878 427 2934 et
448 2878 590 2958 quantus
610 2859 738 2958 postea!
762 2887 803 2932 ne
827 2864 1000 2932 minimum
1023 2861 1173 2955 quidem⁷

122 2965 236 3060 gloriae
255 2971 424 3064 vestigium
444 2971 648 3064 contempsit.

161 3181 185 3214 r.
205 3161 274 3214 itudo·
291 3174 362 3233 oeque
380 3162 495 3230 impolito.
519 3160 626 3214 Frustra
710 3159 737 3212 3.
764 3157 896 3210 Monto-
913 3157 1037 3210 Mannhr'oe
1055 3157 1098 3208 hic
1116 3167 1178 3212 eunt

121 3241 242 3296 Berthins
254 3241 362 3312 conjicit
376 3239 456 3294 Rodio
467 3259 539 3310 eoque
550 3241 625 3308 r'npo-
638 3251 640 3256 ·
669 3237 788 3309 pccumo
800 3255 832 3292 ex
847 3234 1000 3290 venditione
1013 3234 1117 3306 prede.

121 3321 171 3372 lito·
187 3321 279 3374 Lectio
295 3320 410 3390 vulgaris
422 3318 532 3372 Vorstio
547 3317 627 3388 magis
655 3355 658 3362 -
711 3324 737 3380 4.
748 3317 860 3370 Aureus.
873 3317 924 3370 Aa.
937 3315 974 3368 U.
985 3315 1096 3370 circiter.
1109 3319 1176 3384 692.

120 3401 212 3470 placet.
229 3401 361 3455 Ceterum
374 3417 429 3452 non
438 3397 558 3450 Valeriam
571 3409 627 3449 tan·
671 3397 779 3454 Strabo,
790 3397 873 3460 xum
886 3395 971 3450 Cicer.
982 3413 1031 3466 pro
1041 3395 1120 3448 Arch.
1135 3413 1176 3448 ro.

119 3478 331 3548 comederant
345 3477 567 3532 Enniomdieaeeo
579 3477 626 3532 rri-
714 3477 738 3530 5.
771 3474 1130 3545 Torara.1dest,copi0sa
1152 3487 1180 3526 et

118 3560 215 3614 bonnt.
226 3559 271 3612 Sic
282 3557 394 3612 Ovidius
406 3576 412 3608 ε
426 3558 521 3610 Ennius
534 3559 629 3624 ingenio
672 3567 734 3610 note
744 3553 871 3608 oratione.
880 3552 942 3608 Vid.
951 3573 1023 3624 supr.
1033 3555 1083 3618 1v,
1095 3574 1105 3607 1
1119 3573 1178 3622 ,rm

119 3643 246 3694 mimus.
263 3650 315 3690 orte
327 3637 401 3692 ruha.
416 3637 471 3690 Hoc
485 3655 551 3690 voce
561 3653 631 3688 com·
714 3639 740 3690 6.
753 3635 832 3686 Sulla.
847 3636 898 3686 An.
914 3633 949 3686 U.
966 3637 1031 3703 647.
1045 3633 1178 3688 Plutarch.

118 3720 210 3790 plnres
225 3715 261 3772 ed
279 3720 336 3788 ejus
353 3717 465 3786 patriam
479 3714 578 3770 Rudiae
592 3715 629 3766 al·
673 3715 742 3768 Plio.
752 3713 901 3778 XXXVII,
916 3725 985 3777 r;et
997 3713 1100 3768 Sallust
1115 3714 1145 3764 B.
1154 3714 1180 3768 J.

118 3799 211 3852 lusisse
232 3809 376 3869 putantur,
392 3795 463 3868 qnod
483 3795 562 3850 etiam
576 3795 630 3848 Ve-
673 3825 714 3836 -
733 3793 886 3864 Imcolptom.
902 3791 1000 3846 Similis
1017 3792 1106 3862 glorie
1126 3805 1182 3846 stn-

116 3877 177 3930 lerii
189 3879 278 3932 animo
292 3876 426 3930 inhaesisse
436 3873 549 3928 ridetur.
674 3871 780 3940 diosus,
792 3873 838 3943 qni
852 3871 881 3926 in
897 3871 982 3942 sigillo
993 3872 1126 3942 sculptum
1136 3872 1182 3922 ha-

162 3977 187 4010 a.
211 3957 360 4010 Honoratus.
373 3954 427 4020 Qui
441 3954 485 4006 elii
500 3953 630 4008 honorem
672 3945 1182 4022 buitequnmillumlr'lryprpssloerrc

114 4037 216 4101 haber,
231 4037 326 4090 active.
340 4033 493 4094 Vintur,
509 4034 560 4096 13,
573 4032 629 4084 init.
675 4030 838 4086 isseolteoorr.

115 4127 209 4166 ornata
229 4119 323 4168 motio.
338 4145 378 4156 -
397 4115 506 4166 Accion.
523 4113 573 4164 An.
595 4112 629 4163 U.
715 4131 741 4178 7.
755 4111 793 4163 Ne
807 4114 924 4162 minimum
936 4110 1037 4180 prodero.
1050 4105 1114 4160 Vid.
1126 4107 1183 4160 Cic.

118 4195 396 4258 621.Cic.inBrnto,
408 4205 468 4264 etp.
482 4192 591 4254 Archia,
605 4211 630 4244 a.
676 4209 725 4260 pro
737 4190 848 4255 Archia,
866 4207 906 4242 ro.

986 4257 1025 4335 sl
