3152 5134
399 477 445 550 50
540 423 544 428 1
579 480 797 550 VALERII
825 480 1029 548 MAXIMI
1054 481 1154 548 Lm.
1183 483 1271 551 VII.

395 609 509 706 pilius,
525 635 608 703 quos
630 613 676 678 M.
696 611 842 680 Anneius
863 612 1023 705 sanguine
1042 611 1103 679 sihi
1127 614 1320 705 conjunctos
1342 615 1453 683 eadem

395 741 436 786 ex
457 731 574 812 parte,
597 740 660 809 qua
681 715 886 803 Tullianum,
909 715 1046 785 heredes
1071 715 1212 805 fecerat,
1229 721 1452 789 sacramento'
1557 765 1558 790 i

396 847 473 892 cum
487 820 730 895 adolescentulo
743 820 943 892 contendere
960 824 1030 892 ausi
1044 847 1112 890 non
1126 839 1222 912 sunt3
1236 827 1365 896 tametsi
1380 851 1456 920 prae
1557 821 1558 872 i

395 930 499 1023 eipuis
519 953 559 997 eo
581 943 729 1022 tempore
751 928 867 1022 Magni
885 929 1008 997 viribus
1028 928 1070 996 ad
1087 928 1308 999 defendendas
1328 931 1456 1002 tabulas
1557 1017 1558 1026 ἵ

395 1034 580 1104 testamenti
606 1034 737 1102 invitari
762 1047 938 1128 poteraut;
958 1047 992 1102 et
1017 1033 1254 1128 aliquantulum
1281 1035 1457 1130 adjuvabat
1557 1027 1558 1100 Ῐ

395 1139 549 1224 heredes,
564 1139 654 1232 quod
671 1141 719 1210 Μ.
732 1140 878 1210 Anneius
894 1140 928 1208 in
944 1139 1127 1210 Sufenatis²
1139 1139 1294 1210 familiam
1310 1165 1349 1212 uo
1364 1167 1456 1213 sacra

392 1247 583 1328 transierat3
607 1244 665 1314 sed
692 1245 911 1314 arctissimum
931 1247 1016 1314 inter
1042 1246 1193 1316 homines
1222 1251 1456 1342 procreationis

394 1349 583 1436 vinculum,
604 1351 708 1445 patris
730 1348 825 1418 simul
843 1349 1067 1436 voluntatem,
1086 1365 1120 1420 et
1139 1355 1296 1448 principie
1317 1356 1379 1422 viri
1400 1379 1455 1424 au·

392 1458 578 1535 ctoritatem
597 1457 772 1550 superavit.

448 1572 480 1644 3.
504 1578 542 1645 C.
566 1589 676 1644 autem
698 1575 842 1643 Tettium
867 1573 1065 1645 infantema
1087 1590 1181 1670 patre
1194 1576 1455 1664 exheredatum,

393 1681 546 1750 Petronia
560 1695 682 1768 matre,
695 1703 794 1774 quam
807 1683 952 1767 tetrius,
963 1681 1073 1776 qttoad
1088 1684 1187 1770 vixit,
1199 1683 1233 1750 in
1246 1684 1455 1753 matrimonio

394 1787 570 1872 habuerat,
593 1801 723 1871 natum,
744 1785 840 1856 divus
860 1788 1027 1881 Augustus
1054 1793 1089 1856 io
1120 1786 1211 1857 bona
1224 1804 1380 1884 paterna
1409 1795 1456 1857 ire

390 1891 525 1962 decreto
546 1916 609 1960 suo
627 1891 744 1986 jussit,
771 1893 873 1987 patris
897 1895 1011 1986 patrioe
1033 1895 1143 1963 animo
1168 1919 1270 1978 usus3
1298 1896 1453 1988 quoniam

393 1999 519 2068 Tettius
540 1999 574 2065 in
592 1999 728 2092 proprio
743 2000 819 2091 jure
836 2014 1010 2093 procreato
1028 1985 1129 2089 filio³,
1144 2023 1272 2070 summa
1297 2025 1373 2069 eum
1395 2003 1455 2070 ini·

393 2106 518 2196 quitata
539 2117 718 2197 paternum
742 2127 864 2174 nomen
885 2106 1113 2200 abrogaverat.

446 2226 479 2308 A.
496 2223 638 2315 Septicia
656 2245 804 2318 quoque,
817 2239 924 2292 mater
934 2223 1174 2295 Trachalorum
1187 2225 1457 2310 Ariminensium,

393 2326 467 2396 filiis
484 2329 567 2396 irato
578 2329 636 2412 ,in
653 2326 887 2398 contumeliam
904 2355 1019 2400 eorum
1030 2385 1040 2419 ,
1052 2357 1153 2424 quum
1167 2332 1235 2424 jam
1253 2355 1367 2425 parere
1388 2355 1458 2400 non

394 2447 522 2527 posset,
540 2432 687 2505 Publicio
706 2437 775 2503 seni
794 2435 972 2506 admodum
994 2439 1122 2532 nupsit,
1142 2451 1337 2506 testamento
1357 2437 1457 2506 edam

395 2553 538 2632 utroque
568 2540 752 2634 praeterit03
777 2566 796 2610 a
822 2541 940 2635 quibus
966 2542 1072 2612 aditus
1097 2541 1191 2612 divus
1217 2545 1404 2637 Augustus,
1425 2557 1460 2610 et

396 2645 526 2739 nuptias
551 2643 719 2744 mulieris,
741 2661 775 2716 et
797 2672 951 2742 suprema
969 2636 1113 2742 judicia⁴
1136 2649 1353 2743 improbavit3
1379 2671 1459 2716 nam

395 2749 609 2820 hereditatem
631 2766 812 2822 maternam
835 2753 919 2823 filios
939 2755 1062 2823 habere
1084 2755 1204 2848 jussit3
1229 2754 1359 2842 dotem,
1381 2755 1460 2848 quia

395 2880 461 2924 non
482 2845 721 2926 creandorum⁵
738 2857 918 2930 liberorum
939 2886 1037 2930 causa
1058 2860 1246 2955 conjugium
1266 2862 1460 2929 intercesse-

440 3075 463 3108 ι.
475 3055 638 3110 Summam.
647 3057 708 3112 Non
718 3070 820 3111 tantum
828 3077 908 3129 spon·
949 3057 1091 3123 alienatus,
1104 3071 1130 3111 et
1147 3058 1217 3112 illius
1230 3059 1309 3112 uer-ia
1321 3058 1464 3126 initiatus,

396 3134 483 3202 done,
497 3134 543 3188 sed
561 3147 589 3188 et
602 3150 749 3188 summoto
762 3137 907 3208 litigatores
948 3137 975 3190 in
989 3140 1063 3210 cujus
1077 3138 1201 3192 familiam
1216 3139 1359 3192 transierat.

397 3214 499 3264 romani
520 3213 679 3265 contendere
697 3217 824 3270 solebant.
842 3215 905 3269 Vid.
991 3219 1015 3270 3.
1032 3219 1063 3270 In
1075 3223 1174 3287 propn'o
1184 3221 1240 3288 jure
1251 3229 1374 3289 procreato
1387 3215 1465 3287 filio.

398 3288 553 3342 Brimomde
564 3291 694 3344 FormV:
702 3295 789 3346 Varro
798 3295 904 3349 deL.L.
948 3295 980 3348 ld
996 3309 1048 3361 eat,
1058 3295 1114 3348 titio
1124 3297 1240 3368 legitime
1252 3309 1402 3368 procreato,
1412 3317 1467 3350 ne-

398 3369 452 3432 tV,
463 3369 519 3421 brec
529 3370 626 3422 refert:
645 3396 655 3417 ι
667 3389 697 3422 ea
710 3375 822 3442 pecunia
831 3412 838 3438 ,
847 3393 906 3446 que
947 3395 1000 3447 que
1014 3393 1080 3446 opus
1096 3389 1148 3439 eet,
1157 3389 1187 3428 ut
1198 3395 1259 3429 oum
1268 3375 1411 3428 Perironio
1424 3379 1465 3430 le·

396 3447 425 3498 in
436 3445 565 3518 judicium
576 3449 649 3500 venit
665 3449 693 3500 in
705 3450 810 3516 litibus,
822 3472 905 3506 saera·
948 3475 991 3526 gas
1003 3473 1010 3508 :
1023 3459 1047 3508 ia
1056 3459 1245 3527 proprio,jure‚
1254 3455 1466 3526 procreatofils'o,

398 3535 539 3578 mentum
549 3545 631 3580 sacro.
644 3529 698 3592 Qui
707 3533 813 3600 petebat
823 3547 849 3585 et
859 3534 905 3604 qui
947 3553 1008 3587 nem
1017 3534 1075 3604 filio
1091 3548 1217 3605 procreato
1232 3548 1270 3588 est
1286 3533 1404 3588 dativus.
1424 3569 1469 3578 -

397 3605 571 3671 inhumatur,
585 3606 619 3660 de
634 3609 691 3662 aliis
703 3610 782 3662 rebus
795 3623 905 3683 uterque
948 3613 1124 3684 Admgavemt.
1141 3615 1309 3685 Ejuraverat,
1322 3617 1472 3668 renuntie-

398 3685 431 3736 D.
445 3685 502 3736 eris
516 3684 698 3757 deponebant:
711 3690 745 3744 de
757 3691 815 3744 aliis
827 3694 905 3746 rebus
947 3707 1031 3754 vernt,
1041 3692 1069 3745 id
1080 3705 1132 3749 eat,
1146 3695 1248 3746 Tettius
1259 3705 1332 3765 pater
1342 3713 1395 3746 suo
1406 3695 1471 3747 Atio

397 3763 460 3818 item
473 3777 545 3817 oerto
557 3766 608 3817 ulio
619 3767 736 3842 degitimo
745 3789 857 3824 numero
868 3792 905 3825 aa·
947 3793 999 3826 non
1009 3774 1129 3845 permisit
1139 3786 1168 3825 ut
1177 3775 1357 3826 nominaretur
1368 3775 1409 3826 ab
1420 3775 1473 3828 illo

397 3845 474 3899 uum.
485 3844 539 3907 Qut
547 3843 649 3914 judicio
658 3846 767 3913 vicerat,
777 3868 853 3902 auum
864 3870 904 3903 sa·
942 3867 1022 3923 pater.

396 3935 559 3975 crementum
572 3941 586 3976 a
601 3943 673 3976 sacro
685 3927 903 3993 interemerint
987 3939 1012 3995 A.
1034 3933 1139 3984 Iudicia.
1156 3931 1198 3984 sic
1222 3945 1248 3984 et
1265 3931 1375 3984 Sueton.
1395 3935 1473 4005 Aug.

397 3999 562 4056 aderarinm
578 4003 711 4058 redibat.»
948 4015 1001 4073 66,
1026 4023 1179 4066 testamenta
1203 4023 1298 4074 vocat,
1323 4029 1388 4081 «suaa
1416 4031 1476 4067 nos

439 4100 464 4132 2.
484 4081 616 4148 Sufenate.
635 4087 684 4136 An.
707 4085 740 4137 U.
763 4087 818 4155 695
841 4089 902 4142 circ.
946 4093 1382 4161 supremamootumnemvooemus.

396 4157 447 4210 Per
464 4159 633 4232 adoptionem
649 4162 787 4218 videbatur
800 4185 814 4219 a
828 4181 902 4238 putre
989 4173 1013 4222 5.
1032 4170 1203 4222 Crrandorum.
1214 4171 1274 4224 Non
1284 4168 1317 4222 ad
1333 4185 1476 4226 mutuum
