3110 5134
261 496 370 565 CAP.
398 497 432 579 1,
460 498 532 566 DE
558 497 797 566 IUDICIIS
824 499 1082 572 PUBLICIS.
1155 499 1206 597 69

139 629 325 722 sepiusque
345 625 461 702 consul
482 626 607 715 factus,
620 625 743 698 infelici
758 627 860 700 ductu
872 631 968 702 nimis
981 655 1137 728 magnam
1150 659 1206 702 ur-

136 734 188 803 bis
207 734 430 828 frequentiam
452 735 626 804 minueret

195 849 226 922 5.
250 856 432 922 Possumus
453 866 487 922 et
509 852 552 920 ad
573 850 760 921 illos.brevi
784 852 979 926 dlverticulo
1001 857 1207 954 transgredi,

135 984 222 1054 quos
244 957 335 1027 leves
358 958 402 1026 ob
426 983 541 1028 causas
566 957 785 1028 damnationis
808 960 958 1032 incursus
982 961 1135 1058 abripuit
1157 966 1204 1033 M.

135 1064 306 1162 Mulvius,
322 1067 383 1136 Cn.
399 1063 545 1153 Lollius,
556 1067 594 1134 Ι..
608 1063 778 1152 Sextilius,
793 1065 987 1156 triumviri¹,
1001 1069 1092 1163 quod
1105 1071 1148 1140 ad
1162 1072 1208 1138 in·

134 1171 295 1242 cendium
312 1171 349 1239 in
366 1194 459 1242 sacra
476 1172 531 1242 via
548 1183 659 1242 ortum
674 1172 947 1266 exstinguendum
964 1175 1090 1246 tardius
1107 1201 1206 1246 vone-

135 1292 233 1364 rant,
249 1301 271 1346 a
286 1277 425 1347 tribunis
436 1277 541 1372 plebis
557 1277 610 1348 die
626 1277 713 1348 diota
726 1278 769 1348 ad
782 1277 943 1375 populum
957 1280 1104 1352 damnati
1119 1297 1205 1354 sunt.

183 1394 219 1468 6.
240 1399 328 1467 Item
353 1399 388 1466 P.
410 1395 529 1468 Villius
538 1395 561 1485 ²,
584 1397 737 1468 triumvir
757 1413 962 1488 nectamus,
981 1423 1002 1468 a
1020 1401 1055 1470 P.
1074 1399 1205 1496 Aquilio

133 1503 274 1574 tribuno
288 1501 392 1596 plebis
406 1517 595 1590 accusatus,
611 1502 726 1597 populi
741 1503 866 1596 judicio
888 1506 1051 1592 concidit,
1066 1509 1142 1600 quia
1157 1509 1205 1577 vi·
1296 1555 1299 1562 »

134 1608 230 1704 gilias
250 1607 471 1704 negligentius
491 1611 708 1680 circumierat.

194 1751 230 1824 7.
246 1728 436 1800 Admodum
462 1753 584 1800 severae
610 1743 697 1799 notae
720 1743 755 1798 et
777 1727 859 1799 illud
881 1728 996 1827 populi
1020 1730 1204 1825 judicium,

134 1859 241 1930 quum
258 1837 307 1904 Μ.
326 1833 494 1905 AEmdium
512 1837 686 1906 Porcinam
700 1859 720 1904 a
734 1838 773 1906 L.
788 1837 904 1907 Cassio
926 1852 1117 1906 accusatum
1136 1841 1203 1908 cri-

133 1943 225 2010 mine
242 1943 338 2012 nimis
351 1941 490 2011 sublime
503 1957 677 2014 exstructae
690 1941 776 2012 villae
788 1943 822 2010 in
834 1929 995 2012 Alsiensi³
1011 1967 1110 2038 agro,
1125 1969 1200 2038 gra·

133 2051 168 2118 vi
189 2047 297 2118 multa
316 2047 437 2118 affecit.
681 2119 684 2126 ,
737 2061 738 2064 ’

189 2163 223 2234 8.
241 2166 321 2235 Non
337 2164 573 2262 supprimenda
589 2163 675 2236 illius
691 2191 824 2262 quoque
841 2155 1041 2256 damnatiol,
1056 2170 1112 2264 qui
1126 2191 1204 2264 pue·

134 2269 198 2340 ruli
220 2272 273 2340 sui
293 2272 395 2342 nimio
421 2295 534 2342 amora
556 2287 759 2368 correptus,⁸
772 2288 906 2368 rogatus
931 2274 974 2343 ab
995 2299 1036 2344 eo
1056 2276 1146 2363 ruri,
1165 2290 1202 2345 ut

135 2401 286 2448 omasum
302 2379 338 2446 in
359 2402 488 2448 coeuam
512 2378 585 2448 fieri
599 2379 748 2472 juberet,
765 2405 868 2473 quum
887 2377 1020 2450 bubulae
1041 2383 1149 2452 caruis
1166 2382 1201 2450 in

133 2485 324 2580 propinquo
343 2484 489 2554 emendae
509 2483 599 2554 nulla
617 2484 756 2555 facultas
772 2500 876 2570 esset,
894 2486 1021 2558 domito
1039 2487 1124 2558 bove
1145 2513 1201 2558 oc·

132 2592 201 2662 ciso
215 2589 415 2662 desiderium
430 2591 500 2685 ejus
515 2589 666 2687 explevit.
686 2595 802 2688 quue
816 2593 950 2662 nomine
964 2591 1099 2688 publica
1113 2619 1200 2689 quae-
1271 2581 1274 2593 ⁴

177 2819 203 2853 1.
220 2801 355 2854 Trimein'.
365 2799 536 2855 musas.
549 2802 645 2854 Trium·
691 2819 767 2870 1,9;
782 2804 817 2866 V,
832 2820 864 2872 7,
877 2814 943 2855 extr.
959 2803 1126 2874 13Propert.
1140 2804 1199 2871 III,

134 2883 242 2931 vivom
259 2891 424 2934 noerormnm
438 2880 504 2946 fuit,
522 2879 645 2934 incendit
690 2882 741 2948 ²33
757 2881 848 2936 Seuec.
863 2880 973 2952 Hippol.
988 2883 1032 2947 V,
1044 2882 1114 2948 115,
1130 2882 1196 2938 665.

133 2971 315 3026 canescant,
328 2959 422 3014 oiorta
434 2971 531 3026 essem,
546 2960 644 3012 exotio·
687 2991 727 3001 -
750 2960 875 3013 Ornatam,
895 2960 996 3014 Gallica
1020 2979 1087 3026 vox,
1112 2961 1198 3030 gallici

128 3035 246 3110 guenda
257 3055 352 3092 aaran.
365 3037 491 3092 ..sam
505 3041 556 3091 vio.
570 3040 646 3092 Inter
687 3038 780 3090 ferculi
803 3057 835 3092 ex
859 3038 991 3092 intestinis
1014 3038 1122 3092 bubulis
1147 3060 1198 3094 no·

128 3119 251 3172 urbam
261 3117 444 3182 cdeberfima,
458 3115 645 3188 incipiebeteb
687 3133 757 3169 meu.
773 3147 813 3159 --
831 3118 910 3170 Fieri.
927 3115 961 3169 Id
981 3130 1035 3184 est,
1058 3121 1196 3190 apparui,

125 3197 346 3270 amphitheatro,
360 3209 388 3250 et
402 3215 451 3269 per
462 3197 555 3252 hortos
570 3198 645 3266 juxta
686 3196 857 3268 Petromcap.
868 3202 913 3266 47.
924 3196 1000 3265 Quem
1008 3200 1078 3250 coele
1088 3199 1163 3250 ouftr's
1173 3203 1199 3254 in

126 3278 262 3349 templum
283 3276 358 3330 Pacis
377 3288 405 3330 et
426 3276 516 3330 forum
536 3276 645 3332 Castris
687 3295 777 3332 cranam
797 3280 878 3328 statua
888 3273 956 3346 fieri.
974 3276 1009 3330 Et
1027 3276 1065 3330 sic
1078 3277 1199 3350 plerique

124 3371 202 3412 recta
215 3354 345 3411 tendebat
355 3357 384 3410 in
395 3355 567 3428 Capitolium.
686 3355 764 3410 MSS.
784 3368 811 3410 et
833 3354 896 3410 edd.
916 3367 979 3410 vett
1000 3356 1109 3428 Pighius
1123 3357 1198 3414 dedit

167 3457 197 3490 a.
218 3438 254 3490 P.
274 3436 375 3490 Villius.
395 3437 465 3490 Nota
478 3454 541 3506 gens
556 3435 644 3488 Villio.
681 3437 752 3502 ferri.
763 3434 894 3490 Varrode
906 3437 938 3490 ll.
948 3437 980 3490 ll.
993 3435 1034 3499 ΙΙ,
1047 3438 1073 3492 ⁵.
1085 3439 1134 3491 ··A
1142 3438 1199 3492 bove

120 3519 240 3572 Fruetn
253 3534 317 3586 ergo
330 3517 444 3588 aliquot,
457 3517 491 3568 P.
501 3516 645 3570 Belius-
687 3527 797 3578 cratem
817 3515 923 3587 inquit,
940 3519 1034 3588 catrqol
1058 3536 1141 3570 manos
1163 3523 1198 3572 r'ta

119 3597 254 3652 Concidit.
265 3593 333 3648 Vitl.
348 3615 442 3668 supra,
454 3596 485 3655 1,
501 3601 533 3662 4,
549 3596 575 3650 3.
592 3597 644 3650 Au.
686 3595 801 3648 obstr'rrerr'
817 3597 958 3660 colorarent,
977 3607 1004 3647 ut
1020 3599 1098 3666 capite
1110 3617 1198 3652 sonec-

117 3679 155 3732 U.
170 3681 247 3747 698.
687 3679 748 3738 rint,
762 3679 784 3728 n·
794 3678 847 3747 quis
857 3674 1009 3728 occtda'sor..
1022 3675 1086 3730 Vid.
1099 3677 1195 3732 AElian.

160 3757 192 3812 3.
217 3755 340 3810 Alrr'emi.
354 3755 406 3808 Au.
422 3755 457 3808 U.
470 3754 644 3810 crovuat
687 3755 725 3819 V,
749 3760 794 3820 τά.
813 3753 901 3808 Homo
919 3753 948 3808 in
964 3754 1085 3810 exsilium
1103 3758 1197 3812 missus

113 3839 164 3906 Π,
190 3854 241 3892 10.
268 3835 372 3888 Alsium
391 3831 522 3905 oppidum
542 3835 645 3888 Tuccio
687 3834 1200 3908 antiquoillosevo,quoparcimonieet

112 3917 309 3980 maritimum,
321 3933 396 3968 nnnc
406 3913 494 3968 Statua
503 3913 547 3968 vel
559 3914 624 3968 Ceri.
685 3914 830 3985 frugalitati
847 3914 932 3968 honos
948 3915 1108 3982 habebatur,
1124 3917 1197 3988 quod

158 4005 191 4062 4.
211 3997 363 4050 Damnatis.
382 3991 448 4058 Vid.
466 3995 538 4048 Plin.
559 3995 644 4059 VIII,
687 3995 788 4048 Valerii
800 4007 940 4050 aetatenon
955 3995 1054 4050 factum
1069 4007 1144 4048 esset.
1157 4029 1196 4040 -

111 4081 165 4144 ⁴⁵·
185 4108 237 4121 -
256 4073 393 4146 Correptio.
409 4073 454 4128 Sic
466 4076 535 4131 bene
549 4073 645 4129 Torre-
687 4074 796 4132 Domita.
818 4075 868 4130 Bos
891 4075 1009 4138 domitam
1032 4073 1061 4126 id
1080 4085 1135 4140 est,
1157 4075 1198 4128 los

108 4160 189 4218 uius-
219 4154 283 4210 Atii
300 4165 432 4228 eomqotoe.
446 4153 498 4211 Sed
517 4151 573 4210 vid.
589 4154 644 4222 III,
687 4167 778 4209 wer.
