3110 5134
197 538 302 606 CAP.
331 535 800 620 x1v‚DEcUP1D1T.
829 537 1054 610 GLORIAE.
1100 563 1163 608 iai

237 719 290 770 aa
311 697 561 771 curialitas
582 681 747 771 chorum
766 718 809 770 iu
830 719 1044 774 exuemus.

172 896 200 941 r.
225 871 290 942 Sed
308 870 424 940 melius
439 870 621 965 aliquanto,
643 873 670 940 si
691 872 872 940 imitatione
896 871 999 942 aliena
1021 875 1170 968 capieba-

116 994 185 1066 tur,
197 976 427 1047 Themistoclis
441 976 593 1046 ardorem
613 990 698 1046 esset
719 976 928 1047 aemulatus¹z
947 1002 1044 1072 quem
1061 980 1171 1050 ferunt

116 1082 253 1152 stimulis
271 1085 431 1152 virtutum
450 1084 626 1178 agitatum,
644 1098 677 1151 et
694 1083 737 1152 ob
755 1081 789 1151 id
802 1097 914 1152 noctes
931 1085 1089 1178 inquietas
1103 1088 1170 1154 exi·

116 1203 265 1283 gentem,
279 1189 515 1283 querentibus,
532 1188 619 1282 qnid
627 1193 678 1257 ita
690 1214 730 1258 eo
744 1205 894 1284 tempore
906 1196 942 1258 in
949 1189 1089 1285 piiblico
1103 1215 1172 1260 ven

115 1296 272 1364 sarem?
280 1293 500 1389 respondisse:
514 1297 808 1390 Quinmetmpoea
817 1295 987 1364 Miltiadis
998 1295 1041 1365 de
1052 1321 1171 1366 somno

115 1406 278 1470 excitare
303 1398 499 1470 Maratb0n²
527 1402 680 1468 nimirum
703 1402 849 1470 animum
876 1401 945 1495 ejus
966 1401 1007 1470 ad
1029 1405 1171 1472 Artemi·

115 1509 216 1592 sium,
243 1521 277 1575 et
298 1506 476 1590 Salamina,
500 1504 625 1575 navalis
648 1505 759 1600 glories
777 1506 895 1575 fertilia
919 1509 1071 1593 nomina,
1094 1507 1171 1577 illu-

115 1611 248 1681 stranda
271 1613 379 1681 tacitis
403 1611 528 1681 facibus
551 1613 717 1681 incitabat.
741 1611 834 1682 Idem
856 1613 1022 1682 tlreatrum
1044 1628 1172 1708 petens,

115 1743 215 1811 quum
237 1719 512 1813 interrogaretur,
532 1717 628 1809 cupias
646 1741 720 1788 voce
739 1718 859 1787 ardna
878 1721 1067 1810 illisitura
1085 1736 1175 1788 esset

112 1823 441 1916 granssanatdnit:
451 1824 551 1916 EJias,
563 1847 661 1918 aquo
671 1831 1172 1921 ortesmeoecanenturoptrhze.

116 1929 334 2000 Dulcedinem
355 1929 466 2024 gloriae
486 1955 579 2024 paene
596 1929 715 2023 adjecit
735 1929 911 2026 gloriosam
920 1915 942 1997 ³.

167 2061 199 2105 a.
218 2039 296 2104 Jam
313 2035 490 2105 Alexandri
508 2051 624 2130 pectus
644 2036 825 2106 insatiabile
847 2024 992 2121 laudis⁴,
1011 2038 1067 2130 qui
1084 2040 1172 2105 Ana-

117 2143 239 2211 xarcho
257 2143 371 2212 comiti
388 2167 468 2228 suo,
487 2167 528 2212 en
546 2143 741 2211 auctoritate
758 2143 940 2212 Democriti
962 2145 1172 2237 praeceptoris

117 2247 369 2316 innumerabiles
393 2247 534 2317 mundos
558 2273 629 2318 esse
654 2248 826 2335 referenti,
854 2252 933 2318 Hen
954 2273 1027 2333 me,
1050 2251 1171 2342 inquit,

118 2359 288 2437 numum,
311 2353 407 2448 quod
420 2377 464 2422 ne
482 2377 549 2422 nno
565 2341 700 2447 quidem
720 2354 833 2424 adhoc
842 2360 977 2449 potitur
996 2351 1094 2422 suin!
1110 2357 1173 2424 hn-

118 2476 209 2552 gusta
223 2461 354 2530 homini
367 2461 529 2554 possessio
542 2446 672 2554 gloriae⁵
687 2459 764 2548 fuit,
782 2485 854 2554 ques
870 2459 1007 2531 deorum
1026 2462 1173 2530 omnium

117 2563 280 2636 domicilio
301 2563 432 2636 sufficit.

157 2786 181 2820 r.
195 2767 270 2818 Esset
284 2767 418 2818 oemulntm
431 2764 496 2819 Vid.
511 2766 582 2818 Plut.
595 2764 624 2817 in
667 2764 737 2818 Hinc
747 2777 835 2835 patet,
844 2765 931 2836 Pigbii
943 2766 1083 2819 lectionem
1092 2765 1176 2818 Mara·

116 2863 159 2909 v.;
170 2845 227 2897 Cic.
238 2865 264 2916 p.
272 2845 367 2910 Amh.;
378 2844 475 2898 AElian.
484 2845 565 2910 XIII,
577 2845 622 2906 43.
668 2845 725 2896 tion
783 2857 808 2896 et
818 2845 972 2898 Artemisium
989 2857 1012 2895 et
1024 2845 1142 2898 Satine.
1152 2884 1175 2898 ..
1261 2847 1266 2860 '

117 2923 232 2994 Tropaea
246 2923 369 2978 Miltiadis
383 2943 444 2976 eum
460 2923 494 2978 ad
513 2924 624 2977 similem
667 2923 800 2975 incitabant
816 2935 884 2976 stare
901 2943 955 2976 non
975 2943 1059 2994 posse.
1076 2924 1175 2976 Omnes

118 3001 224 3056 laudem
234 3003 372 3074 petendam
385 3004 540 3057 excitabant.
552 3003 625 3056 Arte·
667 3003 729 3054 libri
749 3015 874 3073 praterea
890 3003 989 3054 hahent
1003 3003 1126 3055 Salamina
1146 3003 1174 3054 in

117 3085 225 3144 muium,
258 3083 363 3136 Euboere
395 3083 624 3155 promontorium,
667 3095 761 3154 quarto
773 3099 915 3147 casn,non
928 3082 1040 3134 Salamis.

118 3181 202 3233 pugna
236 3165 322 3216 navali
352 3163 541 3228 nobilitatum,
573 3180 624 3233 qua
709 3162 736 3214 3.
749 3159 893 3215 Gloriosnm.
907 3161 997 3213 Plures
1012 3161 1056 3214 hic
1069 3173 1174 3214 senten-

119 3241 213 3296 Xcraes
230 3243 337 3314 fugatus
353 3256 392 3296 est
406 3242 457 3306 ita,
473 3254 503 3295 nt
520 3261 547 3295 sc
560 3260 624 3296 con·
667 3241 758 3294 tiolam
777 3253 804 3294 et
825 3240 1000 3313 epiphonema
1020 3241 1173 3308 inveniunt,

119 3334 246 3374 serratum
256 3343 272 3375 a
283 3323 459 3376 Themistocle
471 3333 583 3394 putaret.
666 3321 752 3391 legere
759 3321 910 3391 cupientes:
923 3320 1068 3373 dulcedinem
1078 3322 1172 3390 glorta,

157 3420 182 3454 a.
197 3403 379 3455 Marathon...
391 3403 426 3454 ad
435 3402 589 3455 Artemisium
601 3411 625 3452 et
664 3401 829 3471 pnnearij'ech
842 3401 985 3470 ginniacum!
995 3401 1080 3472 Magis
1091 3402 1176 3472 placet

117 3479 273 3535 Μινύα..
281 3481 404 3534 incitabat.
413 3483 558 3535 Itatextum
565 3498 624 3533 oon·
668 3481 768 3551 Kappii
779 3479 932 3550 explicatio:
949 3498 1023 3550 pene
1035 3481 1094 3552 plus
1104 3483 1175 3550 justo

117 3559 199 3613 stituit
207 3561 376 3626 Perizonius,
385 3564 459 3631 cujus
467 3557 626 3614 emandatio-
668 3559 763 3612 tribuit
777 3560 867 3631 gloriae
879 3577 946 3622 suto,
956 3560 1036 3630 paulo
1051 3579 1174 3632 arrogan-

117 3639 624 3712 nemrecipere'l'orreu.nondubitavit.
667 3636 1174 3711 tinsderebussuisgestisloquutusest.

116 3718 242 3773 ttittisdis
253 3733 353 3792 tropaea
363 3721 510 3773 excitabant
519 3719 626 3772 Themi·
709 3724 737 3780 4.
745 3718 843 3770 laudis.
852 3718 921 3771 Plut.
929 3717 963 3771 de
970 3719 1068 3790 Tranq.
1077 3720 1174 3783 animm

116 3801 237 3864 atoclem,
247 3799 280 3853 ad
287 3818 347 3872 quie
354 3799 625 3853 mierendaestaicto·
668 3799 763 3851 AElian.
773 3798 825 3862 IV,
841 3817 894 3867 ²93
910 3799 1031 3852 Juvenal.
1047 3800 1117 3852 satir.
1133 3800 1175 3863 X,
1191 3862 1209 3888 a

117 3877 155 3928 ria
163 3878 623 3933 ttildadirdet’ersindttmetoaa.
673 3882 738 3932 161.

116 3957 167 4010 Sed
177 3959 480 4014 ArtemisiametSnlnmt's
488 3977 542 4010 non
551 3969 626 4010 mant
710 3956 736 4010 5.
755 3957 854 4011 Gloria.
869 3957 943 4011 liano
958 3977 1049 4011 vocem
1064 3975 1077 4007 a
1093 3956 1176 4024 glossa

116 4049 215 4108 tropea
233 4038 376 4102 Miltiadis,
396 4056 455 4108 qun
477 4038 626 4092 Themisto·
669 4037 801 4108 irrepsisse
818 4057 871 4089 non
888 4035 1010 4089 dubitant
1024 4035 1175 4088 Perizonius

115 4117 182 4168 clean
199 4118 315 4170 excitare
327 4131 463 4189 poterant,
479 4119 560 4170 immo
571 4116 626 4188 ipse
669 4128 696 4168 et
705 4115 865 4182 Torrenius,
876 4115 947 4186 quod
959 4129 1045 4168 tamen
1055 4113 1177 4184 Kappius

116 4195 172 4254 lieo
192 4197 249 4250 lom
270 4198 387 4251 victoriis
408 4199 460 4251 suis
479 4198 623 4251 illustravit.
670 4194 740 4248 haud
752 4196 856 4265 probat.
