3152 5134
203 515 297 582 CAP.
322 513 393 598 Ill,
419 513 481 580 DE
509 511 657 580 VAFRE
683 514 792 582 DICT
828 513 918 583 Aur
943 515 1065 585 FACT.
1126 543 1170 613 ¹9

107 645 304 716 referendus
324 657 393 728 est3
416 667 492 711 nam
519 667 619 736 quum
642 667 661 711 a
686 667 762 736 rege
783 646 983 739 Tarquinio,
1006 649 1170 719 avunculo

107 778 191 838 suo,
205 775 341 820 omnem
354 749 531 818 nobilitatis
544 747 685 816 indolem
699 748 707 772 ¹
721 755 863 843 excerpi,
875 757 1024 846 interque
1038 769 1172 824 caeteros

107 861 209 926 etiam
233 857 369 925 fratrem
388 879 504 940 suum,
526 854 615 948 quod
638 856 810 949 vegetioris
831 858 950 951 ingenii
970 874 1053 942 erat,
1072 863 1172 928 inter-

108 965 235 1032 fectum
255 961 550 1045 animadverteret,
574 961 683 1029 obtusi
706 987 740 1030 se
764 961 873 1030 cordis
896 987 966 1032 esse
990 965 1173 1053 simulavit,

109 1093 214 1162 eaque
230 1066 358 1136 fallacia
372 1069 529 1134 maximas
541 1067 678 1134 virtutes
693 1091 767 1134 suas
780 1070 861 1136 texit
874 1093 881 1134 ε
894 1070 1061 1162 profectus
1075 1073 1173 1139 etiam

111 1171 286 1268 Delphos²
305 1197 381 1242 cum
399 1173 568 1265 Tarquinii
588 1170 682 1258 liliis,
700 1197 782 1265 quos
804 1173 830 1240 is
852 1173 894 1240 ad
912 1174 1097 1267 Apollinem
1112 1181 1174 1270 Py-

111 1281 216 1348 thium
238 1278 433 1346 muneribus
451 1277 679 1370 sacrificiisque
701 1278 929 1348 honorandum
950 1283 1096 1366 miserat,
1117 1306 1174 1350 au·

112 1411 182 1454 mm
202 1385 270 1453 deo
287 1383 516 1452 nominedoni
530 1382 615 1452 clam
631 1397 747 1452 cavato
766 1384 884 1452 baculo
903 1383 1063 1454 inclusum
1081 1387 1175 1472 tulit3

112 1494 186 1585 quia
210 1491 371 1572 timebat,
391 1514 432 1556 ne
452 1489 512 1556 sibi
537 1487 664 1558 caeleste
686 1514 807 1558 numen
829 1476 965 1584 aperta³
983 1489 1175 1562 liberalitate

113 1598 265 1664 venerari
283 1610 392 1663 tutum
406 1620 473 1663 non
485 1608 579 1664 esset.
599 1597 742 1664 Peractis
760 1595 877 1664 deinde
890 1596 1051 1666 mandatis
1063 1601 1176 1692 patris,

116 1701 300 1795 Apollinem
322 1701 461 1793 juvenes
482 1697 911 1794 consuluerunt,qu1‘snam
937 1725 983 1771 ex
1004 1709 1086 1798 ipsis
1108 1709 1175 1774 rto-

113 1831 180 1876 moe
194 1823 400 1900 regnamus
411 1806 608 1874 badereno?
621 1797 665 1873 At
682 1808 724 1886 is,
732 1831 842 1901 penes
858 1831 932 1876 eum
945 1831 1110 1878 stammam
1126 1835 1176 1880 un

115 1913 162 1981 bis
194 1928 326 1982 nostroe
350 1927 561 2006 potestatem
574 1912 760 2002 functam,
791 1912 975 2006 respondit,
1003 1921 1063 2006 qui
1093 1933 1175 1984 ante

115 2043 228 2087 cautes
246 2023 354 2087 matri
363 2019 513 2086 osculum
534 2016 689 2085 deduset.
706 2020 798 2086 Tunc
816 2022 954 2099 Brutus,
975 2020 1110 2112 perinde
1130 2034 1175 2089 at·

117 2149 176 2217 que
196 2149 277 2192 casu
297 2122 489 2217 prolapsus,
513 2122 554 2190 de
578 2120 736 2190 industria
758 2148 792 2191 se
813 2125 948 2216 abjecit,
968 2139 1174 2218 terramque,

117 2254 326 2298 communem
353 2230 500 2297 omnium
523 2241 663 2294 matrem
690 2228 896 2314 existimans,
921 2229 1086 2300 osculatus
1113 2246 1173 2300 est.

118 2336 215 2423 Quod
232 2349 303 2402 tam
323 2334 415 2402 vafre
438 2331 545 2402 telluri
565 2335 761 2425 impressum
782 2332 952 2421 osculum,
976 2335 1059 2403 Urbi
1076 2336 1172 2406 liber·

117 2454 233 2526 tatem,
255 2443 360 2508 Eruto
379 2440 520 2533 primum
538 2439 572 2504 in
590 2425 700 2506 sastis⁴
715 2437 823 2508 locum
840 2439 964 2506 tribuit.

169 2545 201 2616 3.
232 2547 344 2638 Scipio
365 2568 495 2637 quoque
521 2545 670 2638 superior
691 2545 874 2638 praesidium
896 2543 1078 2614 calliditatis
1103 2571 1172 2616 am-

115 2649 229 2745 plexus
245 2637 332 2720 est⁵:
350 2674 390 2718 ex
404 2648 510 2718 Sicilia
526 2651 612 2716 enim
627 2663 741 2742 petens
756 2650 919 2734 Africam,
933 2675 1034 2744 quum
1054 2677 1093 2720 ex
1111 2654 1179 2722 for·

115 2758 246 2825 tissimis
263 2755 427 2849 peditibus
441 2756 585 2823 romanis
598 2769 821 2823 trecentorum
835 2759 980 2848 equitum
999 2781 1173 2828 numerum

115 2861 287 2954 complere
312 2860 428 2945 vellet,
450 2885 556 2954 neque
579 2875 645 2928 tam
668 2861 776 2932 subito
795 2876 906 2954 posset
921 2887 976 2930 eos
993 2864 1173 2953 instruere,

114 2965 213 3059 quod
231 2969 381 3060 temporis
400 2967 558 3060 angustiae
572 2966 752 3058 negabant,
764 2969 939 3059 sagacitate
953 2968 1078 3036 consilii
1092 2993 1173 3037 asse-

113 3086 244 3164 quntus
262 3086 330 3138 est:
344 3095 484 3164 namque
496 3097 535 3139 ex
550 3073 588 3139 iis
603 3101 620 3135 (ι
634 3071 827 3164 juvenibus,
839 3095 921 3164 quos
932 3095 1041 3139 secum
1056 3098 1095 3142 ex
1105 3087 1174 3142 tota

112 3175 224 3246 Sicilia
246 3177 464 3246 nobilissimos
484 3192 517 3245 et
537 3176 730 3262 ditissirnoS,
749 3176 806 3246 sed
828 3178 987 3262 inermes,
1012 3178 1173 3267 habebat,

113 3297 281 3352 trecentos
301 3286 448 3377 speciosa
465 3305 558 3350 anna
576 3297 609 3350 et
628 3281 748 3350 electos
763 3306 864 3376 equos
885 3307 983 3376 quam
1005 3283 1173 3354 celerrime

113 3389 298 3483 expedire»
313 3390 426 3482 jussit,
438 3388 527 3456 velut
539 3411 595 3456 eos
609 3373 784 3457 continuo⁶
798 3413 909 3458 secum
925 3389 967 3456 ad
979 3414 1173 3484 oppugnan-

157 3618 184 3651 1.
206 3598 322 3650 Indolem.
335 3597 440 3650 Florem
450 3596 602 3650 nobilitatis.
713 3597 737 3648 3.
753 3595 847 3664 Aperta
860 3596 1009 3648 liberalitate.
1021 3595 1053 3649 ld
1068 3612 1122 3664 est,
1130 3619 1175 3653 an·

154 3698 184 3731 a.
206 3678 322 3747 Delvlrca.
339 3678 391 3728 An.
406 3676 441 3728 U.
457 3683 512 3738 ²4⁰
528 3689 554 3730 et
572 3681 626 3738 ²44
671 3693 702 3728 ro
715 3674 801 3746 palam
816 3675 865 3745 ipsi
879 3675 975 3728 oblato.

108 3756 228 3810 circiter.
238 3757 345 3820 Livius,
354 3756 400 3807 lib.
408 3755 499 3826 I;cap.
510 3757 555 3819 56,
564 3754 626 3805 vot.
712 3760 739 3816 4.
755 3754 845 3806 Faru's.
857 3755 1052 3808 consularibus.

108 3837 213 3908 ᾕρεε.
230 3835 301 3900 158,
317 3847 413 3888 nostrae
424 3833 552 3888 editionis.
563 3835 628 3886 Dio·
713 3833 738 3884 5.
763 3834 894 3901 Amplexus
917 3847 960 3886 ese.
979 3838 1028 3886 Aa.
1053 3835 1087 3888 U.
1113 3837 1179 3899 548.

107 3914 628 3986 nyal.1V.Cm.Obelapsumeco·
671 3911 730 3964 Liv.
743 3912 835 3964 XXIX
844 3951 851 3978 ,
869 3929 893 3964 1.

105 3995 207 4047 lamna
215 3995 302 4064 lignea
311 4011 437 4063 anguem
448 3993 493 4063 qtri
503 4006 630 4046 terrorem
714 3995 740 4044 6.
763 3991 881 4042 Contineo
892 4011 976 4058 sacrun.
997 3993 1036 4044 Ex
1053 3992 1104 4044 boc
1120 3993 1178 4044 loco

104 4089 132 4126 et
142 4076 240 4146 fugam
250 4073 328 4138 fecit,
339 4085 365 4124 et
374 4073 457 4143 ipsius
467 4073 534 4144 regia
543 4072 630 4126 subito
674 4069 825 4124 Perizonius
833 4072 951 4141 conjicit,
958 4071 1107 4140 Scipionem
1116 4084 1179 4124 tunc

104 4171 216 4224 pavore
228 4152 344 4223 perculit
355 4164 454 4223 pectus
674 4149 815 4202 instituisse
824 4150 926 4204 cohart.
933 4151 1178 4220 pretorium,quam

968 4255 1013 4324 2²
