3152 5134
278 522 383 589 cte.
411 522 536 608 VIII,
563 523 632 590 DE
659 523 816 592 RATIS
841 527 1054 596 TESTAM.
1148 528 1193 626 57

137 675 230 732 suas,
248 665 283 718 et
299 649 413 720 dilexit
425 648 587 746 pericula,
603 665 636 720 ct
653 651 908 724 damnationem¹
924 659 1009 726 votis
1022 659 1195 752 expetivit3

134 771 307 826 auctorem
325 757 442 826 barum
465 781 577 826 rerum
595 755 839 848 benevolentia,
857 762 1101 857 propulsatores
1119 765 1196 834 odio

134 863 338 956 insequutus.

190 967 224 1038 8.
245 971 284 1036 Τ.
301 967 457 1038 Barrulus
470 968 613 1038 Lentulo
628 971 812 1066 Spintheri,
827 973 921 1065 cujus
935 977 1194 1045 amantissimum

134 1075 304 1161 animum,
319 1072 640 1170 liberalissimumque
660 1079 836 1146 amicitiam
855 1094 1015 1164 senserat,
1034 1080 1194 1152 decedens

134 1203 213 1248 suos
234 1177 392 1249 annulos²
411 1180 547 1274 perinde
568 1195 666 1276 atque
683 1185 780 1253 unico
798 1183 911 1252 heredi
929 1185 1079 1272 tradidit,
1097 1211 1195 1280 quem

134 1283 226 1353 nulla
246 1309 287 1354 ex
310 1300 403 1379 parte
427 1286 584 1356 heredem
607 1286 820 1382 relinquebat.
842 1290 1013 1377 Quantum
1038 1290 1094 1361 illo
1119 1316 1194 1362 mo-

134 1405 249 1459 mento
277 1393 436 1484 temporis
464 1393 664 1462 conscientia
690 1385 742 1476 (si
770 1394 870 1464 modo
897 1397 1005 1483 vires,
1030 1421 1112 1490 quas
1136 1399 1194 1468 ha·

133 1495 215 1564 bere
233 1495 392 1580 creditur,
414 1495 583 1592 possidet)
607 1524 626 1567 a
650 1501 819 1568 teterrimo
840 1501 974 1570 homine
998 1502 1194 1598 supplicium

132 1598 264 1695 exegit!
282 1604 374 1671 Inter
390 1603 494 1697 ipsam
507 1605 594 1671 enim
613 1602 736 1674 fallacis
752 1619 786 1674 et
801 1607 937 1700 ingrntae
952 1605 1057 1701 culpae
1072 1611 1194 1702 cogitn-

132 1709 281 1790 tionem,
295 1708 447 1800 spiritum
461 1711 586 1804 posuit,
598 1711 691 1803 quasi
705 1724 830 1780 tortore
843 1710 953 1805 aliquo
968 1727 1111 1784 mentem
1126 1714 1197 1812 ejus

132 1814 226 1881 intus
243 1815 427 1897 cruciante3
444 1814 533 1906 quod
550 1815 846 1902 animadvertebat,
867 1841 885 1884 e
905 1819 972 1886 vita
992 1819 1033 1886 ad
1054 1835 1194 1890 mortem

132 1920 310 1986 transitum
337 1943 432 1987 suum
460 1933 494 1987 et
520 1921 646 2014 superis
669 1919 729 1990 diis
750 1922 892 1990 invisum
913 1947 1001 2010 esse,
1026 1938 1059 1992 et
1083 1925 1196 1994 inseris

132 2023 361 2092 detestabilem
382 2023 539 2094 futurum.

187 2154 224 2224 9.
246 2131 294 2198 Μ.
318 2154 399 2199 vero
417 2129 562 2224 Popilius
583 2133 736 2200 senatorii
755 2132 878 2201 ordinis
895 2135 1042 2228 Oppium
1061 2131 1194 2204 Gallum

133 2235 176 2303 ab
197 2238 334 2304 ineunte
352 2249 448 2306 aetate
466 2235 750 2305 familiarissimum
772 2237 852 2325 sibi,
875 2240 1033 2324 moriens,
1053 2264 1115 2334 pro
1134 2265 1194 2309 ve·

133 2355 224 2410 tusto
238 2341 314 2434 jure
334 2342 502 2430 amicitie,
520 2356 554 2410 et
577 2340 671 2410 vultu
690 2341 833 2436 benigno
853 2347 1011 2438 respexit,
1031 2359 1064 2414 et
1084 2345 1193 2416 verbis

134 2471 293 2541 magnum
305 2472 374 2542 prce
383 2471 419 2517 se
432 2471 578 2516 aurorem
588 2446 767 2518 ferentibus
775 2465 994 2543 prosequutus
1005 2465 1063 2520 est.
1079 2454 1193 2520 Unum

132 2555 234 2622 etiam
248 2552 290 2621 dc
303 2552 429 2641 multis,
441 2555 497 2647 qui
508 2552 708 2640 assidebant,
721 2553 837 2624 ultimo
850 2554 1023 2650 complexu
1034 2545 1067 2626 et
1080 2556 1194 2628 osculo

131 2657 272 2753 dignum
281 2659 461 2751 judicavit3
473 2645 689 2754 insuperque³
704 2659 842 2730 annulos
852 2687 985 2756 quoque
998 2685 1075 2733 suos
1088 2665 1119 2732 ei
1133 2678 1195 2733 tra·

129 2764 241 2851 didit,
258 2763 408 2835 videlicet
428 2764 567 2860 nequid
585 2790 625 2834 ex
647 2788 686 2834 ea
703 2765 904 2854 hereditate,
920 2791 1020 2862 quam
1038 2794 1105 2837 non
1122 2784 1194 2838 erat

132 2869 302 2956 aditurus,
314 2872 485 2941 amitteret.
502 2871 595 2959 Quos
613 2871 704 2940 ocius
719 2873 770 2940 vir
785 2870 938 2967 diIigens,
953 2873 1009 2942 sed
1026 2875 1194 2943 morientis

131 2975 239 3042 amici
257 2973 384 3067 plenum
407 2976 615 3046 coutumeliae
635 2976 831 3063 ludibrium,
852 2979 886 3046 in
908 2967 1079 3047 locellum⁴
1097 3003 1192 3072 repo-

130 3081 237 3166 sitos,
255 3095 289 3148 et
308 3105 325 3149 a
345 3081 559 3178 presentibus
579 3083 760 3177 assignatos
782 3081 1044 3178 diligentissime,
1064 3083 1193 3152 heredi·

129 3187 197 3256 hus
222 3183 306 3257 illius
334 3188 470 3257 exheres
491 3189 560 3283 ipse
581 3187 729 3258 reddidit.
748 3186 838 3276 Quid
855 3188 920 3258 hoc
937 3175 1033 3258 loco⁵
1055 3189 1192 3258 inhone-

178 3399 202 3430 t.
223 3379 415 3431 Damnationem.
431 3379 494 3430 liaec
510 3377 544 3430 ad
558 3379 643 3431 incre·
686 3377 798 3429 Plurimi
810 3377 884 3432 MSS.
896 3377 1128 3450 hubentsupcrque,
1143 3399 1192 3432 un-

129 3457 268 3530 pulionem
281 3456 348 3510 dicit
355 3457 444 3511 Valer.
456 3475 511 3510 non
522 3456 594 3528 quod
607 3457 643 3510 ita
686 3455 720 3509 de
738 3456 891 3510 Perizonius
909 3457 1021 3510 malebat
1040 3478 1110 3529 super
1124 3479 1192 3532 qua,

129 3555 189 3590 esse
208 3536 355 3607 significare
374 3537 446 3590 velit.
466 3538 507 3590 Ita
526 3537 598 3590 enim
621 3537 642 3592 ei
686 3535 746 3606 quia
773 3537 839 3590 solet
863 3534 891 3588 id
914 3537 942 3588 in
969 3535 1044 3590 Mss.
1071 3539 1127 3591 siue
1151 3537 1192 3592 di·

128 3617 237 3678 suisset,
248 3617 345 3672 frustm
359 3615 499 3670 advocatos
511 3629 539 3669 et
552 3629 642 3687 putro-
685 3615 823 3686 phthongo
845 3615 940 3682 ecribi3
967 3615 1011 3668 cui
1037 3619 1194 3688 conjecturo

128 3716 181 3750 nos
192 3694 245 3748 sibi
259 3696 436 3766 quasivisset5
454 3693 499 3748 sed
512 3693 585 3766 quod
596 3714 641 3748 ve·
684 3695 797 3748 Torren.
811 3706 838 3747 et
845 3695 933 3766 Kapp.
947 3694 1133 3749 assentiuntur.

127 3775 242 3828 risimile
261 3775 311 3836 sit,
334 3793 368 3827 ex
389 3775 484 3828 effectu
504 3776 560 3844 ejus
580 3793 642 3828 eum
670 3780 675 3789 ’
726 3780 753 3838 4.
769 3773 896 3827 tonum
906 3772 970 3827 Vid.
980 3774 1047 3827 Pliu.
1058 3775 1134 3842 XIV,
1148 3777 1192 3829 ι3.

127 3854 287 3926 upetivbse
299 3852 555 3908 condemnationem.
727 3855 752 3906 5.
762 3854 834 3906 Loeo.
849 3855 914 3906 Loco
922 3872 986 3925 per,
995 3854 1047 3907 hoc
1058 3865 1192 3926 tempore,

173 3953 200 3986 n.
209 3935 331 3987 Amans.
343 3935 383 3986 De
395 3931 537 3986 traditione
545 3935 639 3993 anund,
685 3951 714 3985 ea
729 3931 866 3985 occasione
881 3933 994 4004 explicat
1006 3933 1134 4003 Kappius.
1147 3934 1194 3984 Li·

123 4011 236 4067 heredis
257 4030 288 4065 ac
309 4012 464 4066 cucumeris
486 4011 641 4066 instituendi
684 4012 757 4083 psius
768 4011 918 4066 etVorstiue
928 4012 1122 4082 legeremulunt
1124 4015 1189 4081 joco.
1250 4037 1255 4053 ¹

123 4107 236 4154 tessera,
244 4090 300 4143 vid.
307 4091 443 4164 interp.nd
453 4091 527 4145 Curt.
533 4092 568 4156 Χ,
578 4091 604 4156 5,
614 4097 640 4153 4.
684 4105 715 4144 nt
726 4089 839 4162 quadret
852 4093 880 4144 iu
892 4092 1014 4144 scurrilem
1025 4091 1101 4142 Ιιιιιυιι
1114 4090 1191 4144 intre
1272 4117 1279 4128 ·

170 4174 197 4226 3.
220 4173 372 4243 Imqoerque.
389 4171 447 4225 Hoc
462 4192 477 4225 a
489 4171 582 4242 Pigbio
592 4183 639 4224 est.
685 4171 782 4224 Forsan
792 4171 856 4224 hcm
867 4171 974 4241 respicit
983 4168 1017 4222 ed
1023 4169 1138 4222 tantm
