3108 5136
326 493 328 500 ’
366 491 473 561 CAP.
504 493 579 579 IX,
607 493 676 564 DE
702 495 930 564 ERRORE.
1109 497 1178 594 175

119 641 185 716 set;
202 649 309 720 eoque
327 649 440 693 errore
457 623 635 721 propulsus
653 639 722 712 est,
745 641 783 694 ut
801 641 901 722 caput
919 627 1027 702 Helvii
1044 633 1181 725 perinde

119 749 209 826 atque
227 731 373 803 Cornelii
393 733 481 802 circa
500 757 621 827 rogum
636 734 791 820 Caesaris,
812 733 915 802 fixum
931 735 1043 828 jaculo
1061 736 1178 810 ferret:

118 839 212 910 officii
230 838 313 923 sui¹,
332 837 430 908 alieni
448 841 569 908 erroris
590 837 756 933 piaculum
774 841 968 910 miserabile.

166 999 198 1042 a.
221 975 310 1044 Nam
335 974 374 1041 C.
393 972 543 1042 Cassium
565 997 658 1040 error
679 997 699 1040 a
720 975 896 1068 semetipso
919 999 1034 1069 poenas
1051 979 1181 1072 exigere

118 1078 352 1176 coegit²3inter
364 1077 456 1147 illum
469 1079 557 1146 enim
572 1103 692 1174 pugnae
706 1065 866 1173 quatuor³
877 1083 1082 1151 exercituum
1093 1085 1182 1179 apud

117 1184 283 1281 Philippos
308 1187 459 1273 varium,
485 1186 630 1280 ipsisque
657 1185 796 1254 ducibus
825 1189 975 1281 ignotum
1004 1204 1180 1279 eventum,

118 1296 231 1362 missus
260 1292 302 1360 ab
329 1317 370 1365 eo
393 1293 535 1361 Titinius
562 1294 712 1361 centurio
745 1307 910 1372 nocturno
940 1309 1111 1389 tempore,
1145 1311 1183 1366 ut

118 1397 357 1493 specularetur,
378 1421 523 1493 quonam
540 1400 574 1466 in
590 1413 677 1468 statu
697 1423 749 1468 res
770 1402 818 1468 Μ.
834 1401 927 1469 Bruti
946 1416 1076 1490 essent,
1101 1403 1181 1472 dum

118 1507 248 1575 crebros
271 1521 423 1575 excessus
446 1506 507 1574 viae
524 1505 623 1599 petit,
646 1505 723 1599 quia
746 1505 957 1576 tenebrarum
982 1508 1181 1598 obscuritas,

117 1611 268 1682 hostesne
293 1637 336 1680 an
364 1611 604 1682 commilitones
629 1627 865 1698 occurrerent,
897 1613 1090 1710 dignoscere
1113 1611 1181 1685 nori

117 1720 258 1805 sinebat,
277 1717 401 1787 tardius
422 1718 465 1787 ad
485 1720 636 1787 Cassium
652 1719 769 1787 rediit:
789 1744 887 1813 quem
905 1723 932 1789 is
949 1737 1123 1817 exceptum
1139 1723 1181 1792 ab

117 1824 282 1911 hostibus,
302 1826 479 1919 omniaque
497 1826 531 1892 in
550 1850 665 1894 eorum
687 1840 883 1920 potestatem
902 1826 1056 1897 recidisse
1072 1831 1181 1899 existi·

118 1943 227 2021 mans,
249 1931 345 2000 finire
367 1934 470 1999 vitam
493 1935 704 2027 properavit;
728 1957 830 2026 quum
850 1947 883 2002 et
905 1947 1012 2002 castra
1033 1935 1181 2004 hostium

117 2039 254 2108 invicem
266 2025 279 2068 ⁴
293 2052 408 2132 capta,
424 2053 458 2108 et
470 2041 563 2110 Bruti
579 2041 681 2135 copiae
695 2063 814 2133 magna
833 2065 873 2108 ex
891 2056 985 2135 parte
999 2041 1180 2112 incolumes

118 2159 232 2215 essent.
255 2146 367 2212 Titinii
392 2170 472 2213 vero
496 2171 563 2214 non
589 2142 794 2215 obliteranda
817 2143 946 2216 silentio
970 2149 1099 2216 virtus:
1122 2152 1180 2243 qui

118 2251 216 2322 oculis
232 2249 401 2346 paulisper
420 2251 513 2320 hoesit
534 2255 704 2346 inopinato
721 2253 861 2345 jacentis
880 2253 973 2324 ducis
992 2255 1181 2349 spectaculo

119 2361 292 2447 attonitus;
313 2357 432 2427 deinde
453 2357 609 2453 profusus
627 2362 662 2427 in
682 2359 851 2446 lacrimas,
872 2363 955 2430 Etsi
971 2361 1178 2457 imprudens,

119 2465 239 2558 inquit,
262 2472 460 2560 imperator,
485 2489 595 2535 causa
613 2465 677 2534 tibi
694 2473 812 2534 mortis
819 2468 915 2558 sut';
941 2483 1057 2540 tornea
1082 2494 1125 2538 ne
1146 2469 1186 2538 id

117 2575 223 2664 {nsum
238 2577 436 2668 zinpum'tum
448 2576 509 2658 sit,
530 2577 650 2667 accipe
663 2573 804 2663 mosaei
813 2579 866 2642 tut'
876 2579 1048 2660 comitem5
1067 2601 1181 2671 super-

118 2701 177 2770 que
190 2681 342 2746 exanime
359 2701 480 2772 corpus
495 2678 563 2770 ejus
577 2676 694 2772 jugulo
713 2704 774 2747 suo
793 2678 937 2773 gladium
952 2679 1072 2775 capulo
1088 2696 1182 2752 tenus

117 2782 266 2872 demisit,
286 2809 325 2853 ac
346 2785 509 2878 permixto
527 2787 698 2878 utriusque
717 2787 892 2879 sanguine,
912 2785 1034 2881 duplex
1048 2789 1183 2858 victima

114 2888 233 2980 jacuit,
253 2892 383 2985 pietatis
401 2891 491 2978 hacc,
508 2893 630 2960 erroris
651 2889 715 2958 illa.

173 3012 204 3084 3.
219 3017 385 3084 Caeterum
402 3013 483 3082 falsa
499 3016 647 3108 opinatio
656 3000 680 3099 ⁵,
695 3016 807 3084 nescio
822 3038 865 3083 an
881 3018 1082 3110 praecipuam
1099 3019 1183 3111 inju·
1288 3105 1291 3113 Δ

118 3121 196 3190 riam
214 3123 325 3190 Lartis
338 3121 525 3208 Tolumnii,
539 3123 728 3190 Veientium
748 3121 852 3215 regis,
868 3122 1043 3216 penatibus
1063 3121 1182 3193 intule-

118 3228 177 3315 rit3
198 3252 276 3297 nam
297 3253 399 3321 quum
420 3229 454 3294 in
475 3241 672 3296 tesserarum
695 3253 856 3322 prospero
876 3228 967 3320 jactu
989 3255 1049 3324 per
1066 3230 1182 3322 jocum

113 3447 115 3450 ’
157 3463 182 3499 t.
198 3445 250 3498 Sui.
270 3445 334 3497 Fuit
346 3443 455 3497 Helvius
469 3443 551 3496 officii
568 3444 626 3515 pia·
670 3443 809 3496 Penatibus.
821 3443 1063 3516 Quippeviolatum
1068 3448 1111 3518 jus
1119 3465 1184 3519 gen·

115 3525 204 3577 culum
211 3525 378 3590 miserabile,
388 3523 452 3576 dum
460 3524 627 3576 talemofficii
670 3524 751 3580 dum,
762 3524 858 3576 violata
868 3537 893 3577 et
902 3525 1010 3595 hospitii
1019 3527 1079 3596 jura
1088 3526 1182 3580 viden-

113 3623 220 3674 poenem
237 3603 319 3658 dedit.
670 3615 730 3670 tur,
747 3622 808 3656 cum
820 3604 911 3675 legatis
925 3605 952 3656 in
965 3605 1036 3675 regia
1049 3607 1088 3658 vis
1101 3607 1183 3660 int'er·

156 3705 183 3737 2.
198 3685 294 3755 Coegit.
307 3686 377 3737 Anu.
390 3683 426 3736 U.
439 3700 501 3755 711.
515 3683 584 3736 Plut.
600 3684 628 3736 in
671 3697 724 3736 tur.
742 3687 773 3735 A.
785 3685 819 3735 U.
835 3685 901 3738 315.
913 3686 973 3738 Liv.
990 3686 1042 3751 IV,
1061 3705 1112 3757 ¹73
1127 3688 1182 3741 Cic.
1221 3751 1225 3758 ι

113 3763 213 3830 Brut03
227 3767 341 3837 Appian.
357 3771 389 3828 4;
401 3763 511 3832 Dionys.
528 3770 573 3834 47.
671 3763 740 3816 Phil.
756 3763 812 3826 lx,
828 3783 852 3816 a.

154 3845 183 3898 3.
195 3846 314 3914 Ουαηιον.
324 3843 459 3897 Nimirum
468 3845 558 3909 Bruti,
569 3845 630 3898 Cas·
713 3847 739 3896 6.
760 3843 919 3897 Tesserarum.
934 3845 1050 3897 Tesserae
1066 3858 1128 3898 sunt
1141 3847 1183 3899 in·

110 3924 160 3990 sii,
175 3925 280 3978 Octavii
294 3937 320 3978 et
336 3924 453 3978 Antonii.
672 3936 816 3977 strumenta
826 3924 924 3978 lusoria
931 3925 1119 3995 sexangularia.
1131 3928 1185 3977 An-

156 4011 184 4066 t.
203 4007 311 4059 Invicem.
323 4006 392 4058 Nam
402 4016 428 4056 et
438 4016 521 4058 castra
533 4007 589 4074 ejus
597 4005 629 4056 ab
672 4003 740 4075 tiqui
761 4005 863 4058 tesseris
883 4004 916 4057 ad
933 4002 1080 4057 ludendum
1098 4006 1185 4060 tribus

110 4086 235 4139 Antonio
250 4099 326 4158 capta
340 4097 424 4138 erant.
672 4086 825 4151 utebantur,
836 4083 922 4140 media
932 4097 992 4138 setas
1002 4081 1104 4137 duabus
1115 4083 1185 4138 dun·

156 4165 185 4220 5.
203 4165 327 4239 opinatio.
344 4164 395 4219 Ed.
412 4177 463 4218 vet.
484 4167 572 4235 opinio.
591 4185 630 4207 ·-
674 4175 753 4217 taxat.
