3110 5134
436 523 505 568 rto
583 499 806 568 VALERll
841 499 1044 566 Mamur
1079 503 1171 570 Llll.
1206 503 1314 572 vltt.

480 633 524 718 Q.
546 627 729 712 Scaerola',
751 627 860 723 legum
880 629 1076 700 clarissimus
1096 647 1130 700 et
1151 635 1337 702 certissimus
1356 649 1449 718 vates,

429 738 687 830 quotiescunque
709 735 750 803 de
767 735 842 826 jure
863 735 1071 829 praediatorio
1089 737 1328 824 consulebatur,
1344 741 1379 806 ad
1396 745 1449 807 Fu-

430 844 515 910 rium
533 857 566 910 et
585 839 800 927 Cascellium,
815 841 891 936 quia
908 841 986 910 lmic
1003 845 1144 910 scientia
1161 843 1258 912 dediti
1271 859 1370 930 erant,
1386 869 1449 912 con·

428 945 566 1015 soltores
579 947 747 1040 rejiciebat
760 973 767 1014 :
780 971 847 1040 quo
862 947 991 1040 quidem
1004 947 1091 1016 lacto
1106 949 1353 1017 moderationem
1366 953 1450 1043 magis

429 1077 520 1121 suam
536 1052 803 1138 commendabat,
820 1075 919 1146 quam
935 1056 1160 1123 auctoritatem
1175 1055 1351 1140 minuebat,
1363 1056 1399 1123 ab
1411 1055 1450 1122 bis

429 1157 461 1226 id
482 1161 648 1252 negotium
672 1161 780 1252 aptius
800 1155 954 1251 explicari
977 1183 1071 1252 posse
1093 1160 1293 1245 confitendo,
1313 1163 1362 1252 qui
1380 1185 1450 1252 quo·

427 1263 550 1332 tidiano
571 1265 640 1357 ejus
660 1289 722 1332 usu
744 1261 941 1332 callebant²:
961 1267 1184 1359 sapientissimi
1204 1267 1300 1359 igitur
1315 1267 1385 1332 artis
1398 1287 1450 1332 suo

427 1369 627 1462 professores
652 1383 746 1456 sunt,
768 1393 785 1436 a
807 1367 925 1462 quibus
948 1384 981 1439 et
1003 1371 1134 1466 propria
1153 1371 1258 1440 studia
1274 1367 1450 1452 verecunde,

426 1489 460 1544 et
480 1473 584 1542 aliena
602 1472 716 1544 callide
738 1477 948 1544 aestimantur.

426 1684 597 1738 orrtmts
612 1685 776 1738 anulum
793 1684 1017 1738 msulsrttts
1036 1686 1348 1739 CONCEDENDUM
1362 1683 1450 1748 ESSE,

639 1779 695 1832 UT
715 1777 883 1833 FACTUM
903 1778 1014 1831 APUD
1036 1779 1266 1834 EXTERNOS.

484 1982 512 2026 r.
534 1941 694 2026 Platonis³
715 1979 845 2050 quoque
865 1954 1118 2025 eruditissimum
1138 1971 1253 2050 pectus
1270 1957 1338 2026 lraec
1355 1955 1452 2048 cogita·

424 2067 470 2134 tio
485 2065 609 2156 attigit:
629 2063 684 2154 qui
697 2059 914 2128 conductores
930 2083 1029 2130 sacru
1043 2049 1137 2147 arael,
1155 2062 1196 2131 de
1212 2061 1308 2131 modo
1323 2077 1353 2130 et
1366 2061 1452 2128 forma

421 2171 491 2264 ejus
521 2191 631 2236 secum
663 2189 847 2234 sermonem
876 2165 1025 2235 conferre
1056 2183 1212 2252 conatos,
1240 2167 1281 2236 ad
1307 2164 1452 2234 Eucliden

423 2288 624 2370 geometram
641 2273 688 2340 irc
699 2273 812 2364 jussit,
833 2271 975 2340 scientiae
993 2271 1062 2364 ejus
1080 2273 1218 2362 cedens,
1238 2275 1334 2343 immo
1349 2270 1418 2366 prol
1435 2294 1452 2317 ’-

424 2381 516 2450 sioni.

479 2512 510 2556 a.
533 2483 728 2554 Gloriantur
752 2483 889 2552 Athenae
917 2472 1192 2553 armamentario⁵
1220 2510 1297 2572 suo,
1320 2507 1375 2552 nec
1400 2481 1453 2548 sine

422 2616 538 2680 oausa3
557 2604 607 2659 est
626 2591 711 2658 enim
731 2587 811 2657 illud
829 2613 913 2682 opus
930 2603 964 2658 et
979 2591 1126 2682 impensa
1143 2606 1179 2660 et
1196 2590 1352 2686 elegantia
1366 2587 1455 2654 vison-

466 2813 490 2848 ι.
504 2791 620 2846 Scaevola.
637 2785 701 2842 Vld.
718 2788 774 2842 cic.
795 2805 844 2857 pm
857 2788 930 2842 But.
973 2787 1090 2850 deretur,
1105 2787 1138 2840 ad
1151 2789 1290 2843 Enclidem
1304 2801 1456 2858 megarensem

424 2873 484 2930 XX.
497 2905 535 2916 -
546 2868 932 2940 Vates.1dest‚interpretpe-
973 2869 1133 2922 oonsultores
1146 2872 1248 2941 rejecit.

422 2955 497 3006 ritus.
512 2951 555 3004 Sic
570 2945 708 3002 medicinas
718 2960 789 3000 rates
799 2945 871 3017 apud
881 2945 931 2998 Pli·
1015 2953 1040 3009 4.
1049 2941 1458 3002 amoram...ara.winch.erin

423 3033 505 3086 nium.
525 3063 563 3074 -
583 3029 752 3082 Prodiatorr'o.
778 3027 837 3091 Qua
866 3045 930 3078 voce
973 3027 1089 3096 margine
1100 3027 1158 3081 Lib.
1171 3031 1240 3081 Dan.
1254 3027 1407 3079 rond...oier.
1421 3019 1459 3068 Pi·

423 3111 500 3165 etiam
520 3110 613 3164 Cicero
630 3108 722 3160 utitur.
744 3105 929 3158 Prudrutorium
972 3105 1048 3177 gblus
1063 3124 1094 3157 ex
1107 3111 1261 3175 conjectura
1270 3098 1415 3157 ediditeord.
1426 3116 1461 3146 an

420 3193 461 3258 jur
477 3202 526 3249 ert,
546 3186 617 3256 quod
638 3186 752 3256 pertinet
773 3183 806 3237 ad
822 3183 928 3256 predia.
972 3178 1400 3256 cu‚puransvatertnnagmde
1413 3195 1461 3226 aree

424 3265 582 3336 Hujusjuris
589 3265 666 3334 periti
674 3263 750 3315 etiam
761 3263 929 3333 praediatores
973 3261 1113 3328 lllinervae,
1126 3262 1375 3338 magnificentissimo
1389 3270 1413 3309 et
1425 3271 1460 3307 ot·

424 3345 497 3396 dicti.
512 3373 552 3384 —-
572 3341 721 3394 Cascellium.
744 3341 822 3394 llunc
841 3343 930 3396 laudat
972 3344 1111 3395 leber-rimo
1122 3345 1287 3398 Athenarum
1297 3335 1461 3400 edilieio‚ubi

426 3423 504 3475 etiam
516 3421 580 3472 llor.
595 3420 622 3472 in
635 3432 683 3472 art.
697 3431 767 3490 poet.
972 3423 1159 3475 sanctissimum
1175 3426 1303 3478 Minerva
1314 3421 1423 3492 signum,
1433 3413 1460 3462 ‘l‘

475 3518 501 3552 a.
515 3499 649 3552 Colledont.
661 3497 754 3550 Callere
763 3499 869 3570 proprie
878 3514 928 3566 est,
972 3503 1035 3553 ctulo
1041 3501 1176 3574 delapsum
1185 3503 1350 3569 ,dedicatum
1357 3497 1462 3569 legium·

425 3581 520 3634 callum
535 3577 690 3630 contrahere
706 3595 712 3629 :
729 3577 773 3629 sed
786 3596 835 3649 per
848 3593 928 3632 meta·
972 3581 1072 3634 Verum
1087 3583 1145 3652 quis
1160 3581 1283 3642 dubitet,
1299 3581 1415 3634 minem
1428 3593 1460 3622 an

427 3659 536 3730 plroram
544 3657 586 3708 illa
593 3675 658 3709 voce
665 3657 824 3726 experientia
831 3669 856 3708 et
866 3660 930 3710 mul·
972 3679 1020 3712 cem
1031 3663 1084 3731 jam
1103 3675 1164 3714 ante
1182 3664 1320 3716 Platonem
1334 3649 1463 3712 exstitisse?

424 3751 468 3792 tur
481 3755 569 3789 rerum
582 3753 643 3788 usus
653 3735 822 3806 significatur.
833 3737 849 3787 J
851 3737 928 3790 ustin.
972 3739 1127 3792 blitallerius
1141 3759 1214 3794 aram
1229 3741 1358 3814 Apollinis
1372 3740 1396 3790 in
1410 3733 1464 3786 Delo

422 3817 562 3878 ΧΧῙῊ·
971 3809 1463 3890 intelligir.conducroresaresanr‚qui

467 3899 492 3950 3.
507 3893 626 3946 Platonis.
641 3889 705 3943 Vid.
721 3893 789 3945 Plut.
805 3892 838 3944 de
852 3895 928 3962 genio
971 3911 1043 3951 oerto
1056 3901 1141 3969 pretio
1154 3919 1213 3953 eam
1229 3895 1405 3955 redificandum
1419 3909 1465 3946 sus·

423 3978 522 4029 Socrat.
539 3973 613 4024 Plato
635 3973 783 4042 geometris
803 3974 928 4042 peritissi-
971 3978 1080 4048 cipiunt.

329 4069 333 4076 '
423 4075 481 4107 mus
496 4055 523 4106 in
544 4047 723 4104 constituenda
740 4051 852 4104 Palladis
869 4071 927 4118 ara,
1013 4058 1037 4109 5.
1054 4059 1260 4114 Amomeruau'o.
1273 4061 1340 4114 Ptin.
1350 4057 1413 4120 Vll,
1425 4051 1467 4120 373

424 4154 456 4186 ne
466 4134 571 4186 alterius
581 4145 662 4184 artem
676 4149 801 4201 usurpare
811 4132 875 4184 relle
888 4134 926 4184 vi·
971 4137 1026 4188 Cic.
1038 4136 1071 4190 de
1084 4139 1132 4190 Or.
1144 4141 1170 4203 l,
1187 4147 1233 4202 14,
