3110 5134
372 514 441 596 140
484 475 490 482 ’
559 509 779 577 vitnau
806 508 1011 578 usxssu
1041 510 1135 594 ern.
1165 511 1229 580 rx.

364 655 510 711 ruentum
533 639 675 726 videret,
692 663 759 734 quo
780 640 888 710 minus
905 641 1029 734 nuptiis
1044 641 1130 710 inter
1145 667 1180 711 se
1194 642 1424 736 jungerentur,

362 747 464 816 filium
483 771 595 832 suum,
610 771 708 842 quem
724 759 758 815 et
773 744 895 834 solum,
909 760 943 815 et
957 759 1052 815 aetate
1066 747 1133 840 jam
1152 748 1311 841 puberem
1328 747 1425 816 habe·

363 853 431 940 bat,
452 877 580 922 veneno
598 849 746 922 sustulit:
767 853 983 946 protinusque
1000 876 1042 921 ex
1057 877 1139 946 rogo
1155 854 1226 947 ejus
1241 853 1423 922 maritalem

363 958 468 1030 facem
489 956 676 1039 accendit¹,
703 981 742 1027 ac
764 983 859 1028 novae
885 960 1010 1028 maritae
1036 959 1213 1028 orbitatem
1237 983 1330 1028 suam
1352 958 1425 1028 loeo

363 1067 507 1135 muneris
533 1067 695 1160 erogavit.
723 1064 850 1134 Eodem
876 1064 994 1134 deinde
1019 1066 1129 1136 animo
1152 1062 1276 1136 oisem²
1297 1089 1426 1160 gerens,

362 1196 429 1265 quo
448 1157 579 1265 patrem
596 1186 728 1266 egerat,
746 1169 804 1240 filii
819 1172 941 1266 pariter
958 1171 1126 1258 manibus,
1140 1185 1173 1240 et
1186 1170 1311 1240 nefarie
1324 1185 1427 1242 atten-

364 1291 438 1346 tatae
456 1279 570 1372 patriae
587 1300 702 1372 poenas
720 1276 819 1346 dedit.

442 1495 495 1548 DE
515 1494 721 1546 LUXUIIIA
742 1493 794 1546 ET
818 1494 1027 1547 LIBIDINE
1046 1493 1093 1549 IN
1113 1494 1346 1548 EXTERNIS.

421 1707 448 1750 ι.
471 1685 515 1750 At
533 1705 695 1775 campana
716 1679 844 1749 luxuria
862 1704 1022 1774 perquam
1045 1679 1133 1750 utilis
1155 1682 1281 1750 civitati
1307 1695 1429 1751 nostrae

364 1773 462 1872 luit³3
487 1789 646 1858 invictum
675 1789 762 1856 enim
789 1787 889 1856 armis
913 1773 1155 1856 Hannibalem⁴
1177 1785 1339 1856 illecebris
1362 1789 1429 1856 suis

361 1891 551 1988 complexa,
565 1893 762 1963 vincendum
783 1917 922 1961 romano
940 1891 1036 1962 militi
1051 1892 1197 1962 tradidit.
1217 1891 1279 1961 Illa
1292 1891 1429 1986 vigilan·

362 2001 523 2070 tissimum
541 1999 677 2086 ducem,
699 1997 755 2068 illa
774 2000 954 2069 exercitum
978 1998 1175 2068 acerrimum
1198 1997 1339 2092 dapibus
1360 1997 1429 2066 lar-

361 2107 424 2200 gis,
439 2106 621 2174 abundanti
635 2107 726 2193 vino,
738 2119 985 2200 unguentorum
1001 2104 1196 2200 fragrantia,
1211 2105 1352 2174 Veneris
1368 2129 1430 2174 usu

363 2211 553 2294 lasciviore,
575 2211 617 2280 ad
639 2235 794 2280 somnum
816 2225 850 2280 et
870 2209 1005 2280 delicias
1026 2212 1197 2296 evocavit3
1219 2234 1258 2280 ac
1279 2223 1350 2278 tum
1374 2209 1429 2279 de·

363 2341 455 2385 mum
474 2317 578 2386 fracta
591 2331 625 2384 et
638 2331 776 2386 contusa
791 2318 913 2411 punica
928 2316 1041 2386 feritas
1061 2330 1129 2402 est,
1146 2340 1249 2410 quum
1265 2301 1430 2410 Seplasia⁵

362 2425 391 2492 ei
410 2436 443 2490 et
464 2421 591 2491 Albana
615 2436 723 2491 castra
751 2445 821 2492 esse
846 2437 1028 2518 coeperunt
1052 2421 1143 2510 Quid
1167 2445 1247 2516 ergo
1270 2420 1322 2490 his
1343 2423 1430 2490 vitiis

362 2527 504 2615 foedius,
530 2528 608 2624 quid
630 2529 729 2596 etiarn
753 2527 966 2616 damnosius,
990 2527 1109 2623 quibus
1131 2529 1235 2596 virtus
1259 2529 1431 2615 atteritur,

363 2636 509 2704 victorie
531 2617 778 2729 languescunt⁶,
798 2635 906 2729 sopita
922 2632 1027 2730 gloria
1045 2635 1080 2704 in
1100 2633 1268 2703 infamiam
1290 2657 1430 2704 conver·

363 2742 464 2830 titur,
490 2742 654 2834 animique
677 2741 801 2836 pariter
828 2756 862 2810 et
887 2743 1036 2835 eorporis
1064 2741 1150 2808 vires
1176 2739 1433 2834 expugnantur?

362 2847 446 2917 adeo
464 2860 502 2915 ut
520 2849 662 2936 nescias,
677 2847 719 2916 ab
737 2846 950 2934 hostibusne,
971 2871 1013 2916 an
1035 2845 1077 2915 ab
1095 2843 1157 2914 illis
1173 2847 1247 2939 capi
1268 2846 1430 2940 pernicio·

364 2955 431 3023 sius
451 2953 640 3024 habendum
662 2955 713 3024 sit.

418 3103 451 3147 2.
473 3077 558 3166 Quae
579 3079 678 3146 etiam
698 3074 957 3146 Volsiniensium
979 3077 1096 3146 urbem
1120 3077 1276 3170 gravibus
1296 3089 1329 3144 et
1352 3099 1429 3144 eru·

407 3277 646 3330 1.Aeeends't.lllieo
657 3289 717 3350 post
725 3295 817 3330 neoem
826 3276 875 3330 filii
962 3277 987 3330 5.
1005 3275 1124 3348 Seplasia.
1139 3275 1238 3328 Forum
1254 3274 1303 3328 luit
1316 3275 1433 3346 Capua,

364 3375 474 3411 uxorem
481 3355 876 3428 duxitorestillammteuogo
919 3355 948 3408 in
964 3375 1019 3427 quo
1033 3354 1143 3427 plurimi
1160 3354 1331 3426 unguentarii
1345 3368 1434 3420 erant3

365 3436 438 3508 quasi
453 3435 502 3488 filii
518 3434 629 3500 udam,
644 3454 704 3508 qun
714 3437 876 3490 nubentibus
920 3434 984 3490 inde
998 3436 1173 3507 Seplosmriru,
1183 3435 1229 3507 qui
1240 3447 1376 3505 unguenta
1387 3433 1435 3487 ba·

364 3515 484 3588 praeferri
499 3516 610 3582 soleret,
622 3512 785 3569 accenderet.
920 3516 966 3570 bet
981 3516 1091 3570 venalia.
1112 3515 1185 3570 Athe
1202 3533 1310 3586 quoque
1323 3533 1435 3586 magnus

408 3614 434 3647 a.
452 3593 540 3648 Civem.
555 3595 670 3648 Patriam
687 3594 770 3666 ipsam
787 3591 876 3668 perdi·
920 3613 1047 3649 numerus
1063 3595 1262 3668 myropolarum
1277 3595 1348 3647 suit:
1363 3591 1437 3646 unde

366 3673 462 3738 disset,
482 3675 511 3726 ni
530 3673 666 3728 Ciceronis
684 3675 821 3727 restitisset
837 3691 877 3726 sa·
921 3673 1077 3728 Hannibalis
1092 3688 1173 3728 castra
1188 3673 1268 3728 etiam
1282 3673 1395 3744 Seplau'a
1410 3684 1436 3726 et

366 3755 475 3827 pientia.
490 3755 522 3806 A.
534 3753 569 3806 U.
586 3757 653 3822 699.
667 3753 728 3806 Sell.
743 3755 802 3808 Cat.
817 3753 862 3806 rs.
921 3754 1022 3807 Auara
1035 3752 1170 3808 dieunnrr.
1185 3755 1266 3808 Juxta
1282 3753 1348 3806 alios
1362 3753 1435 3805 vicus

407 3835 432 3886 3.
451 3833 550 3886 Nostra
557 3835 619 3900 suit.
631 3835 663 3885 Α.
680 3833 715 3886 U.
736 3832 801 3904 5³7.
818 3832 876 3886 Lis.
920 3835 962 3886 vel
972 3834 1060 3886 forum
1073 3833 1169 3906 Capua
1178 3834 1301 3887 Albanum
1312 3845 1436 3886 rosatum

364 3913 474 3978 xxfl1;
491 3913 546 3968 Cic.
561 3911 689 3978 nu11.11;
705 3912 826 3964 Zonaras.
922 3925 977 3978 est,
992 3911 1133 3985 desumpto
1145 3913 1178 3968 ab
1188 3913 1296 3984 antiqua
1307 3912 1375 3965 Alba
1387 3932 1435 3965 no·

407 4001 432 4056 ιί.
450 3991 620 4045 Hannibalem.
635 3991 703 4044 Nam
717 3993 835 4063 Capuam
850 3991 878 4045 in
923 3993 1001 4046 mine.

365 4073 474 4126 hiberna
498 4073 641 4126 exercitum
667 4069 819 4124 deduxerat.
839 4095 895 4114 -’
963 4070 1434 4144 6.languescuntbliirelnuguescuut.

369 4153 491 4206 Tradidit.
504 4153 554 4206 Atii
572 4152 662 4204 tribuit.
676 4152 767 4204 Minus
781 4152 856 4206 bene.
924 4153 966 4206 Sic
978 4153 1065 4206 cesar
1079 4151 1148 4206 Gall.
1163 4151 1207 4216 11,
1224 4149 1267 4204 1⁵.
