3110 5134
284 534 389 602 cnr.
418 535 480 618 11,
508 533 576 600 nn
605 532 996 602 cnunnmmre.
1109 533 1172 606 151

116 680 179 750 ret,
196 663 352 758 frequens
364 665 538 757 juventute
554 663 781 758 gymnasium'
797 667 896 736 armis
910 680 943 735 et
957 667 1024 761 igni
1039 671 1179 739 circum-

115 771 219 856 dedit,
240 795 440 864 omnesque,
462 771 518 864 qui
541 769 575 837 in
594 793 634 838 eo
656 783 767 857 erant,
793 773 913 866 partim
933 773 1040 860 serre,
1059 778 1178 870 partim

113 877 246 946 [lamma
263 878 403 946 necavit.

161 999 196 1068 6.
221 1000 339 1069 Ochus
363 1013 494 1086 autem,
521 1001 577 1092 qui
604 1013 720 1093 postea
746 1001 869 1068 Darius
889 997 1089 1095 ²appellatus
1110 1019 1180 1090 est,

113 1107 317 1177 sanctissimo
330 1107 437 1176 Persis
447 1104 664 1199 jurejurando
679 1106 872 1193 obstrictus,
885 1131 1036 1200 nequem
1049 1132 1087 1178 ex
1105 1135 1179 1178 con·

110 1212 291 1302 juratione,
314 1235 387 1306 quae
411 1225 537 1305 septem
564 1212 683 1306 Magos
711 1236 788 1280 cum
809 1236 849 1280 eo
871 1225 1100 1307 oppresserat,
1121 1229 1179 1284 aut

113 1341 258 1406 veneno,
285 1333 344 1387 aut
361 1318 468 1404 ferro,
490 1331 548 1386 aut
569 1313 636 1386 ulla
657 1319 710 1404 vi,
736 1331 794 1386 aut
812 1319 925 1413 inopia
944 1315 1177 1390 alimentorum

113 1439 263 1512 necaret,
291 1423 510 1493 crudeliorem
533 1425 648 1493 mortis
676 1424 838 1492 rationem
867 1425 1086 1520 excogitavit,
1113 1451 1178 1519 qua

112 1555 268 1600 onerosos
298 1530 362 1600 sibi
393 1554 461 1599 non
493 1542 653 1624 perrupto
681 1526 848 1625 religionis
875 1530 1008 1602 vinculo
1037 1530 1176 1602 tolleret.

111 1637 247 1731 Septum
276 1638 363 1706 enirn
396 1635 469 1705 altis
493 1636 675 1730 parietibus
701 1632 811 1706 locum
840 1637 951 1706 cinere
979 1636 1177 1733 complevit,

112 1728 367 1838 suppositoque³
388 1744 481 1838 tigno
504 1743 731 1836 prominente,
749 1742 891 1838 benigne
905 1743 980 1812 cibo
995 1759 1028 1813 et
1041 1745 1177 1838 potione

111 1863 265 1944 exceptos
284 1851 318 1917 in
336 1874 376 1918 co
394 1847 599 1937 collocabat;
621 1875 639 1918 e
656 1874 740 1943 quo,
762 1874 880 1918 somno
899 1851 1016 1945 sopiti,
1037 1848 1176 1920 inillam

112 1955 300 2024 insidiosam
323 1951 512 2050 conge'riem
535 1953 740 2024 decidebant.

160 2105 193 2173 7.
224 2082 381 2174 Apertior
402 2093 436 2148 et
456 2081 572 2148 tetrior
592 2077 726 2148 alterius
748 2077 835 2148 Ochi
856 2082 1054 2174 cognomine
1074 2081 1176 2149 Arta-

111 2187 213 2254 xerxis
241 2173 450 2270 crudelius⁴‚
477 2186 533 2279 qui
554 2183 685 2254 Ocham
707 2208 874 2271 sororem,
902 2199 1000 2280 atque
1026 2185 1175 2256 eamdem

111 2316 262 2380 socrum,
281 2293 391 2360 vivam
410 2292 517 2386 capite
543 2289 685 2378 defodit,
708 2306 741 2360 et
766 2305 921 2385 patmum
946 2317 1023 2361 cum
1042 2307 1175 2362 centum

111 2397 248 2492 amplius
266 2397 342 2468 filiis
364 2423 402 2467 ac
417 2397 593 2492 nepotibus
611 2421 716 2466 vacua
734 2421 811 2466 area
829 2397 1040 2486 destitutum,
1057 2398 1176 2493 jaculis

111 2505 264 2592 confixit3
278 2503 369 2574 nulla
382 2503 501 2597 injuria
514 2503 697 2588 lacessitus,
710 2501 767 2573 sed
780 2503 869 2598 quod
885 2506 920 2572 in
934 2503 984 2574 his
998 2507 1174 2574 maximam

109 2609 194 2704 apud
216 2613 334 2680 Persas
361 2610 534 2704 probitatis
562 2623 595 2678 et
616 2609 816 2679 fortitudinis
841 2608 972 2678 laudem
995 2613 1173 2681 consistere

110 2716 248 2785 videbat

154 2933 179 2966 r.
194 2916 359 2985 Gyrmuu'um.
376 2915 425 2967 Die
437 2911 562 2967 ludorum
576 2917 618 2984 ju·
662 2933 707 2967 eos
718 2915 925 2984 comprehenso,
935 2925 1037 2967 tantum
1047 2915 1102 2967 vlt
1115 2917 1171 2969 lue-

109 3011 189 3046 vaes
214 2995 243 3046 in
270 2995 437 3068 gymnasium
466 2995 619 3066 frequenter
661 2993 730 3046 rint:
745 2995 1046 3064 mouetllutgersius,in
1059 2995 1172 3067 scripto-

108 3087 302 3144 convenerant,
315 3087 345 3127 ut
354 3073 388 3127 de
402 3093 475 3128 more
490 3073 565 3126 illum
579 3091 619 3126 ce·
661 3073 735 3126 ribus
745 3073 859 3144 antiquis
872 3091 927 3125 non
938 3089 1037 3126 norum
1048 3091 1115 3140 esse,
1125 3087 1171 3144 ut,
1271 3084 1299 3140 .·'
1314 3062 1319 3072 ⁸

107 3153 247 3206 lebrarent.
662 3151 765 3224 quoties
784 3151 900 3205 sodalitii
917 3151 1052 3224 eujusdam
1071 3155 1171 3210 mentio
1262 3159 1267 3166 ”

147 3253 173 3288 s.
194 3235 342 3305 Appellatus
357 3246 400 3287 est.
414 3230 478 3286 Vid.
496 3230 576 3285 Orid.
591 3233 618 3284 in
662 3231 720 3294 flat,
736 3233 785 3284 etsi
801 3251 886 3284 uuum
900 3231 1063 3287 nominando
1077 3251 1139 3287 eum
1157 3257 1172 3292 e

106 3311 228 3378 lhide,v.
245 3316 312 3384 317,
325 3311 553 3383 v01.vn1,p.23
569 3331 618 3364 no·
662 3312 825 3381 reliquorum
837 3329 950 3365 numero
962 3314 1121 3386 excerpsisse
1135 3317 1173 3370 vi·

105 3389 618 3463 straeEditionis.-Septem.Duosluisse
661 3389 786 3456 deantur,
804 3403 895 3462 postea
915 3403 1003 3444 temen
1017 3394 1171 3449 universum

105 3489 194 3543 magos
205 3471 329 3544 prodidit
342 3469 471 3525 Herodot.
486 3470 616 3524 Ammian.
662 3469 782 3522 omnium
788 3471 973 3524 numerumitr
979 3477 1170 3546 ponant‚quari

104 3551 215 3617 xxm,
230 3553 284 3617 23,
296 3551 407 3604 omnino
418 3561 517 3622 septem
527 3568 619 3603 nume·
662 3551 699 3618 is,
710 3567 790 3622 quem
802 3563 975 3623 exceperant,
986 3551 1011 3604 ei
1024 3553 1170 3609 etiamnum

103 3643 159 3698 rat,
175 3635 253 3704 cujus
268 3645 356 3684 tamen
371 3631 512 3686 auctoritas
526 3631 618 3701 exigua
662 3628 852 3682 includeretur.

103 3723 149 3765 est.
166 3711 325 3784 Rntgersius
340 3727 395 3764 rar.
411 3711 471 3764 lect.
487 3711 518 3774 1,
532 3711 566 3774 8,
581 3730 618 3760 se·
703 3709 729 3763 3.
744 3709 926 3782 Suppositoque.
935 3709 1001 3764 Alii:
1012 3716 1167 3784 superposito.

98 3805 164 3858 ptem
184 3790 220 3844 ad
241 3793 393 3863 conjuratos
413 3790 511 3855 refert,
526 3802 552 3843 et
566 3789 616 3862 legi
702 3793 728 3853 4.
743 3787 886 3841 Crudelitas.
896 3787 992 3842 Euseb.
1001 3789 1094 3846 chron.
1106 3795 1168 3848 m.

99 3872 201 3938 jubet:
225 3891 257 3924 ee
274 3874 437 3942 eonjumtione
453 3880 539 3940 reptem
557 3860 617 3940 (ge-
660 3867 1170 3940 -Socrquuianimirumejusiilian

100 3949 176 4016 nit).
191 3971 260 4025 qua,
271 3965 321 4004 etc.
333 3949 374 4002 Ne
386 3967 465 4021 quem
477 3961 563 4002 autern
576 3950 617 4001 ol·
660 3946 770 4000 duxerat
776 3967 941 4001 uxorem-
949 3949 1171 4005 Destitutruu.Col·

101 4029 196 4085 lendat
204 4069 213 4096 ‚
222 4029 296 4102 quod
306 4031 430 4084 Valerius
442 4040 542 4100 septem
555 4045 617 4081 cum
661 4029 790 4092 locatum,
803 4025 927 4081 defixum.
939 4027 981 4080 Sic
990 4028 1081 4082 Livius
1089 4032 1168 4083 etiam

100 4111 187 4164 Dario
208 4111 359 4181 conjurasse
375 4110 413 4163 sic
433 4101 519 4172 dicat,
535 4127 616 4180 quum
661 4109 791 4179 loquitur,
805 4120 831 4160 et
842 4107 926 4161 Plaut.
935 4105 1006 4160 llud.
1016 4109 1067 4174 Ill,
1080 4109 1105 4171 5,
1122 4112 1167 4173 43.

100 4191 128 4242 in
150 4191 324 4256 universum,
346 4191 427 4242 Dario
448 4191 526 4242 etiam
549 4191 618 4242 inter
661 4185 1029 4258 Viddelraeproprieverbi
1044 4187 1170 4243 destituere

948 4281 1013 4362 10⁴
1052 4371 1059 4386 .
