3110 5134
371 488 438 558 isso
551 489 776 556 VALERII
806 486 1011 554 MAXIMI
1041 487 1136 553 LlB.
1165 487 1233 554 lx.

726 691 941 782 CAPUT
981 691 1063 778 IV.

673 900 719 963 De
735 900 875 963 avarum
896 899 1124 962 Romanorum.

362 1099 382 1128 ι.
399 1084 432 1128 Μ.
444 1081 519 1128 Croni
535 1091 557 1126 et
569 1081 598 1138 Q.
612 1081 738 1126 Hortensii.
752 1105 783 1116 -
796 1094 817 1126 2.
830 1081 861 1138 Q.
877 1079 949 1126 ennii
961 1079 1060 1143 longini
1071 1095 1151 1142 propa
1159 1103 1190 1114 -
1201 1079 1223 1126 3.
1236 1079 1262 1124 L.
1273 1079 1430 1140 Septimuleii.

671 1247 719 1310 De
737 1248 873 1310 avara'tia
892 1247 1120 1310 annnorum.

720 1437 837 1484 animi
846 1437 985 1498 Cypriorum
997 1439 1066 1500 regis.

583 1607 637 1658 DE
667 1605 875 1658 AVARITIA
905 1605 1204 1659 ROMANORUM.

414 1783 648 1855 Protrahatur¹
671 1786 769 1852 etiam
792 1783 947 1867 avaritia,
969 1782 1141 1851 latentium
1167 1782 1355 1876 indagatrix
1381 1781 1428 1850 iu·

362 1917 512 1977 crorum,
525 1891 705 1960 manifesta
716 1889 835 1984 praedae
849 1887 1039 1957 avidissima
1053 1913 1195 1984 vorag03
1211 1914 1272 1958 nec
1284 1887 1428 1956 habendi

362 2000 471 2068 fructu
493 1997 569 2066 felix
580 1996 602 2084 ²,
623 2011 657 2064 ot
678 1995 859 2090 cupiditate
881 1995 1048 2089 quaerendi
1071 1997 1260 2065 miserrima.

421 2129 450 2174 1.
462 2105 577 2192 Quum
591 2102 770 2172 admodum
788 2100 945 2196 locupleti
958 2103 996 2170 L.
1007 2103 1157 2171 Minucio
1167 2085 1291 2171 Basilo³
1306 2098 1426 2169 filsum

361 2223 595 2280 testamentum
616 2208 748 2302 quidam
774 2208 808 2274 in
833 2209 963 2278 Graecia
983 2207 1191 2301 subjecisset,
1212 2207 1427 2300 ejusdemque

362 2314 582 2384 confirmandi
612 2317 717 2408 gratia
747 2316 992 2406 potentissimos
1022 2315 1164 2383 civitatis
1190 2328 1310 2383 nostrae
1337 2314 1428 2382 viros

362 2424 409 2490 M.
428 2425 584 2490 Crassum
604 2435 638 2488 et
656 2421 699 2508 Q
715 2421 950 2505 Hortensium,
973 2419 1093 2512 quibus
1110 2421 1277 2489 Minucius
1294 2420 1428 2513 ignotus

252 2543 255 2554 ·
362 2528 490 2612 fuerat,
518 2523 638 2594 tabulis
661 2524 799 2594 heredes
826 2525 1033 2607 inseruisset3
1061 2550 1260 2620 quamquam
1292 2524 1428 2593 evidens

362 2633 452 2702 fraus
478 2646 569 2720 erat,
598 2645 708 2700 tamen
737 2644 875 2724 uterque
905 2631 1053 2724 pecuniae
1083 2633 1241 2725 cupidus,
1271 2631 1428 2701 facinoris

361 2739 458 2809 alieni
471 2763 591 2808 munus
605 2763 673 2807 non
688 2736 883 2832 repudiavit
899 2737 1067 2824 Quantam
1084 2737 1216 2831 cuipam
1231 2761 1331 2832 quam
1347 2735 1427 2807 ievi-

362 2834 432 2916 ter*
451 2841 567 2914 retuli!
594 2845 737 2912 Lumina
755 2845 876 2928 curiae,
896 2857 1091 2912 ornamenta
1108 2843 1189 2930 fori,
1208 2842 1298 2938 quod
1320 2843 1428 2914 scelus

360 2952 529 3021 vindicare
539 2950 715 3038 debebant,
730 2950 896 3018 inhonesti
911 2947 995 3017 lucri
1009 2963 1147 3045 captura
1160 2951 1424 3037 invitati,aucto·

360 3058 511 3128 nitatibus
529 3059 596 3128 suis
613 3071 775 3126 texerunt.

415 3191 447 3233 a.
466 3167 593 3232 Verum
615 3161 783 3256 aliquanto
806 3162 948 3253 majores
968 3163 1053 3230 vires
1079 3164 1112 3229 in
1136 3163 1178 3250 Q.
1196 3163 1311 3232 Cassio
1329 3163 1425 3231 exhi-

359 3257 471 3339 buit⁵.·
494 3271 549 3363 qui
571 3271 604 3336 in
622 3269 782 3362 Hispania
799 3269 846 3336 M.
862 3266 977 3336 Silium
995 3283 1029 3336 et
1044 3269 1081 3335 A.
1098 3265 1317 3362 Calpurnium
1336 3271 1425 3338 occi·

359 3375 458 3444 dendi
476 3377 527 3444 sui
546 3375 652 3468 gratia
672 3397 749 3443 cum
769 3359 988 3467 pugionibus⁶
1004 3373 1244 3468 deprehensos,
1262 3377 1426 3470 quinqua-

402 3593 424 3628 ῐ.
442 3574 612 3626 Protrahatur.
628 3573 689 3625 Scil.
700 3571 727 3624 in
737 3569 869 3636 medium,
913 3573 1424 3644 -Suhjecissee....inseruissee.1taMSS.

357 3673 422 3727 qun
434 3671 511 3706 voces
523 3653 566 3704 alii
576 3663 715 3706 assuerunt
730 3671 761 3705 ex
774 3652 868 3722 glossa.
913 3665 939 3704 et
951 3650 1012 3705 edd.
1022 3665 1086 3705 vett.
1098 3653 1205 3724 Pighius
1215 3673 1279 3707 vero
1291 3655 1360 3709 male
1369 3657 1424 3710 edi·

400 3753 426 3786 a.
448 3733 527 3784 Fau.
545 3733 618 3784 Felix
631 3741 685 3796 eat,
699 3732 745 3802 qui
761 3750 776 3783 e
790 3732 869 3784 rebus
913 3728 969 3796 dit,
984 3731 1138 3802 subjeciuntur
1144 3772 1191 3786 .....
1208 3739 1364 3788 oneramur.

355 3813 438 3886 partia
454 3813 569 3864 fructum
590 3811 673 3882 capit3
692 3809 764 3882 quod
786 3829 869 3882 quum
955 3817 981 3874 4.
1002 3813 1104 3866 Leviter.
1117 3811 1204 3867 Color.
1217 3827 1244 3866 et
1259 3814 1350 3870 Vorat.
1369 3833 1425 3868 ma·

355 3912 409 3946 non
421 3893 556 3961 oontingat
570 3909 665 3954 avaro,
678 3890 741 3942 felix
753 3909 809 3942 non
820 3902 868 3944 eat,
912 3890 963 3944 lint
978 3892 1070 3945 leniter.
1087 3893 1204 3945 Frustra.

355 3975 485 4037 Ararim,
500 3989 584 4043 quum
603 3983 695 4022 cetera
713 3969 777 4022 vitia
797 3988 869 4022 aene-
955 3970 981 4024 ⁵.
1004 3970 1133 4025 Exhibuit.
1153 3973 1204 4025 An.
1220 3973 1255 4025 U.
1274 3977 1343 4042 705.
1366 3974 1425 4028 mr-

354 4066 440 4116 κεπτ,
455 4053 511 4104 oola
524 4051 552 4103 in
566 4047 622 4103 dies
638 4049 669 4102 fit
682 4047 827 4102 ardentior.
913 4050 964 4103 tius
975 4047 1009 4103 de
1019 4051 1094 4104 Bello
1108 4049 1298 4105 Alexandrino.
1343 4099 1347 4106 .

397 4134 423 4186 3.
434 4133 527 4184 Basilo.
539 4129 604 4184 vid.
620 4129 676 4183 cic.
687 4129 742 4186 off.
758 4129 808 4192 111,
823 4133 867 4185 18.
953 4134 980 4184 6.
990 4131 1147 4200 Pugionibus.
1161 4131 1242 4200 Pugio
1251 4133 1333 4186 breve
1340 4134 1424 4186 talum
