3152 5134
381 490 425 560 ιθ
560 467 780 556 venenu
809 485 1013 550 nixum
1042 485 1138 552 nte.
1166 482 1257 551 vn.

375 645 478 716 quum
495 619 654 688 adversus
672 611 908 708 rempublicam
926 613 1253 682 lacedaemoniorum
1269 617 1438 709 conspira-

378 730 500 797 tionem
519 739 626 796 ortam
645 735 746 790 noctu
764 721 995 814 comperisset,
1015 718 1103 814 leges
1119 722 1264 814 Lycurgi
1281 724 1438 792 continuo

378 833 570 928 abrogavit,
582 854 654 924 quae
671 827 713 896 de
732 825 930 895 indemnatis
947 824 1146 920 supplicium
1164 829 1249 895 sumi
1266 829 1438 914 vetabant,

380 937 626 1034 comprehensis
653 947 764 1002 autem
795 946 829 1000 et
855 931 1036 1002 interfectis
1065 933 1237 1018 sontibus,
1262 933 1393 1002 easdem
1419 959 1439 1002 e
1487 1007 1493 1028 ,

382 1047 521 1140 vestigio
534 1042 692 1128 restimit3
709 1053 808 1132 atque
828 1052 1007 1132 utrumque
1028 1037 1125 1106 simul
1143 1038 1303 1133 providit,
1323 1065 1366 1108 ne
1388 1065 1439 1110 sa·

258 1221 262 1228 .
381 1149 497 1220 lutaris
511 1147 752 1218 animadversio
770 1142 822 1212 rel
842 1143 962 1238 injusta
980 1159 1084 1232 esset,
1101 1145 1154 1215 vel
1172 1146 1247 1238 jure
1267 1145 1438 1240 impedire·

384 1273 454 1326 tur:
467 1259 575 1350 itaque
588 1268 626 1322 ut
636 1275 765 1346 semper
781 1275 852 1320 esse
863 1265 1016 1344 possent,
1029 1249 1206 1344 aliquando
1215 1277 1284 1320 non
1295 1251 1440 1322 ficerunt.

443 1361 498 1432 16.
517 1361 582 1431 Sed
598 1361 724 1442 nescio,
743 1381 787 1425 an
804 1359 976 1426 Hannonis
989 1355 1283 1426 excellentissimae¹
1303 1358 1443 1453 pruden-

386 1469 437 1538 u’ae
467 1465 638 1538 consilium
659 1492 667 1532 :
691 1467 835 1557 Magone
865 1465 953 1532 eninr
978 1466 1150 1533 caunensis
1173 1489 1293 1560 pugne
1316 1467 1442 1534 exitum

386 1574 513 1644 senatui
529 1575 708 1642 Poenorum
726 1570 915 1656 nuntiante,
932 1571 1031 1664 inque
1053 1573 1135 1638 tanti
1156 1595 1324 1640 successus
1340 1571 1442 1640 fidem

386 1678 526 1749 annulos
545 1699 662 1747 aureos
676 1677 777 1745 trium
791 1674 977 1744 modiorum
989 1701 1178 1746 mensuram
1192 1676 1359 1772 explentes
1371 1677 1444 1746 fun-

386 1785 505 1874 dente,
523 1787 580 1880 qui
597 1782 777 1852 intersectis
796 1783 916 1852 nosuis
932 1783 1059 1852 civibus
1076 1783 1214 1852 detracti
1229 1798 1339 1868 erant,
1354 1809 1443 1878 quae·

387 1894 481 1980 sivit,
505 1915 554 1960 cm
574 1891 700 1985 αὰᾲιαζε
722 1893 888 1958 somonam
904 1905 990 1984 post
1012 1905 1146 1958 tautam
1167 1889 1298 1960 cladem
1325 1913 1349 1958 α
1373 1894 1444 1960 llo-

386 2004 497 2068 mam's
513 1997 718 2089 deficisset:
736 2009 836 2088 atque
855 2009 894 2064 ut
914 1995 1055 2081 audivit,
1076 1998 1241 2065 neminem
1263 1996 1304 2065 ad
1323 1999 1446 2066 Hanni·

385 2103 492 2174 halem
517 2105 689 2188 transisse,
710 2103 812 2170 suasit
833 2103 1001 2195 protinus,
1015 2117 1054 2170 ut
1074 2103 1182 2198 legati
1198 2107 1360 2188 Roman,
1374 2127 1446 2198 per·

385 2237 472 2306 quos
490 2209 534 2279 de
547 2234 643 2306 pace
667 2223 843 2302 ageremr,
871 2213 1089 2276 mitterentur.
1109 2209 1214 2302 Cujus
1235 2212 1261 2278 si
1283 2211 1443 2279 sententia

385 2316 558 2404 valuisset,
582 2341 690 2410 neque
712 2312 858 2384 secundo
882 2317 1004 2409 punico
1032 2312 1118 2384 bello
1145 2316 1232 2384 victa
1255 2315 1444 2410 Carthago,

385 2447 493 2518 neque
514 2424 612 2492 tertio
629 2419 736 2491 deleta
755 2420 849 2489 loret.

443 2554 498 2625 17.
520 2531 572 2598 Ne
592 2529 755 2598 Samnites
772 2527 904 2621 quidem
926 2551 1045 2621 parvas
1065 2551 1179 2622 poenas
1197 2527 1374 2598 consimilis
1391 2553 1444 2598 er·

385 2637 468 2705 roris
488 2634 737 2731 pependerunt,
757 2632 846 2727 quod
864 2635 1023 2702 Herennii
1040 2636 1148 2704 Pontii
1169 2632 1310 2704 salutare
1331 2637 1444 2705 consi-

385 2741 465 2811 lium
485 2739 724 2836 neglexerunt²
745 2741 827 2833 :qui
849 2741 1044 2808 auctoritate
1067 2756 1101 2809 et
1121 2740 1294 2835 prudentia
1308 2755 1444 2812 ceteros

385 2862 562 2942 praestans,
590 2848 634 2915 ab
656 2847 802 2914 exercitu
824 2860 857 2915 et
881 2847 951 2940 ejus
976 2846 1060 2916 duce
1081 2845 1149 2916 filio
1171 2871 1232 2916 suo
1255 2846 1445 2936 consultus,

384 2954 548 3048 quidnam
555 2953 649 3044 fieri
659 2952 703 3022 de
723 2951 910 3048 legmmdtm
928 2959 1080 3022 romanu
1101 2954 1199 3049 apud
1214 2957 1348 3023 Froras
1360 2957 1446 3027 Cau-

384 3061 487 3129 dinas
504 3061 644 3130 thclrtsis
662 3059 818 3146 deberet,
837 3061 1022 3128 inviolatas
1034 3059 1253 3130 (dimittendas
1266 3059 1443 3155 respondit.

386 3168 521 3236 Postero
543 3167 595 3236 die
620 3167 734 3236 eadem
755 3165 852 3234 dere
872 3167 1110 3260 interrogatus,
1134 3167 1241 3237 deleri
1257 3191 1318 3236 eas
1336 3191 1445 3262 opor·

386 3287 456 3340 tere
468 3273 550 3340 dixit
569 3297 576 3338 :
598 3287 637 3340 ut
657 3287 715 3340 aut
735 3273 879 3340 maximo
898 3271 1059 3342 beneficio
1075 3275 1179 3368 gratia
1193 3273 1336 3342 hostium
1353 3297 1445 3342 erne·

386 3391 492 3464 retur,
510 3390 567 3445 aut
591 3379 786 3470 gravissima
803 3379 932 3471 jactura
952 3380 1037 3448 vires
1055 3379 1352 3474 confringerentur.
1378 3379 1445 3448 Sed

386 3585 807 3658 rentur‚tantiupersublatr,dum
814 3587 894 3642 iidem
937 3590 994 3642 silai
1012 3592 1162 3662 exeruplum
1180 3591 1345 3662 spectaverit,
1360 3609 1445 3662 quum

386 3667 591 3720 absolverentur.
937 3667 1003 3722 illud
1014 3670 1153 3724 consilium
1163 3671 1270 3725 excellat
1277 3672 1344 3722 inter
1354 3671 1447 3723 omnia

430 3765 455 3800 ι.
474 3747 695 3799 ΕιαΙΙεηεὼίΜ.
716 3746 790 3817 Pigh.
804 3767 819 3801 e
835 3745 893 3800 oud.
935 3753 988 3820 jam
1006 3764 1160 3803 memorata.
1179 3783 1218 3794 —
1239 3749 1376 3804 Conilirm.
1391 3752 1445 3804 An.

387 3825 479 3897 Cemp.
498 3826 602 3897 scripsit
620 3827 801 3888 esoellaenrmris,
822 3825 895 3899 quod
938 3831 972 3882 U.
983 3829 1049 3898 537.
1060 3831 1117 3883 Liv.
1129 3831 1232 3884 xxm.
1244 3833 1363 3884 Zonmet.
1374 3829 1448 3882 llan-

386 3906 608 3976 comparationem
618 3905 702 3958 lacere
710 3904 829 3960 rideatur
835 3909 896 3960 lacti
937 3927 973 3960 no
986 3907 1095 3962 lectioni
1107 3911 1225 3964 Barcina
1239 3913 1348 3982 ejusque
1358 3911 1448 3964 oonsi-

386 3977 525 4038 Hannonis
537 4003 597 4037 curn
609 3985 677 4038 lacto
692 3986 813 4056 Agesilai.
827 3985 893 4052 sed,
936 3988 979 4042 liis
991 4007 1094 4060 semper
1106 3991 1158 4044 l'uit
1171 3989 1341 4044 adversarius.

384 4063 472 4134 judice
486 4065 633 4130 Torrenio,
646 4084 701 4118 non
715 4083 782 4136 opus
798 4079 853 4130 est,
866 4080 896 4120 ut
980 4088 1005 4122 a.
1022 4071 1194 4139 Neptem-uae.
1202 4071 1253 4123 An.
1262 4072 1296 4124 U.
1309 4071 1374 4134 432.
1386 4069 1446 4121 Lis.

387 4142 895 4216 solum,quodproxirnepraecedit,Ape-
938 4149 995 4209 tx,
1013 4149 1045 4214 3;
1061 4150 1132 4203 Flor.
1148 4152 1176 4216 Ι,
1195 4155 1238 4203 ili.
