<?xml version="1.0" encoding="UTF-8"?>
<!DOCTYPE html PUBLIC "-//W3C//DTD XHTML 1.0 Transitional//EN"
    "http://www.w3.org/TR/xhtml1/DTD/xhtml1-transitional.dtd">
<html xmlns="http://www.w3.org/1999/xhtml" xml:lang="en" lang="en">
 <head>
  <title>
</title>
<meta http-equiv="Content-Type" content="text/html;charset=utf-8" />
  <meta name='ocr-system' content='tesseract 3.04.00' />
  <meta name='ocr-capabilities' content='ocr_page ocr_carea ocr_par ocr_line ocrx_word'/>
</head>
<body>
  <div class='ocr_page' id='page_1' title='image "./valeriusmaximus00lykogoog_0154.png"; bbox 0 0 3110 5134; ppageno 0'>
   <div class='ocr_carea' id='block_1_1' title="bbox 244 539 1182 639">
    <p class='ocr_par' dir='ltr' id='par_1_1' title="bbox 244 539 1182 639">
     <span class='ocr_line' id='line_1_1' title="bbox 244 539 1182 639; baseline 0 -27"><span class='ocrx_word' id='word_1_1' title='bbox 244 543 352 612; x_wconf 86' lang='lat' dir='ltr'>CAP.</span> <span class='ocrx_word' id='word_1_2' title='bbox 376 545 410 627; x_wconf 93' lang='lat' dir='ltr'>I,</span> <span class='ocrx_word' id='word_1_3' title='bbox 437 541 504 610; x_wconf 88' lang='lat' dir='ltr'>DE</span> <span class='ocrx_word' id='word_1_4' title='bbox 532 543 779 610; x_wconf 85' lang='lat' dir='ltr'>LUXURlA</span> <span class='ocrx_word' id='word_1_5' title='bbox 805 543 867 610; x_wconf 87' lang='lat' dir='ltr'>ET</span> <span class='ocrx_word' id='word_1_6' title='bbox 895 539 1052 611; x_wconf 85' lang='lat' dir='ltr'>LIBID.</span> <span class='ocrx_word' id='word_1_7' title='bbox 1114 541 1182 639; x_wconf 79' lang='lat'>137</span> 
     </span>
    </p>
   </div>
   <div class='ocr_carea' id='block_1_2' title="bbox 116 673 1187 1089">
    <p class='ocr_par' dir='ltr' id='par_1_2' title="bbox 116 673 1187 1089">
     <span class='ocr_line' id='line_1_2' title="bbox 122 673 1184 770; baseline 0 -26"><span class='ocrx_word' id='word_1_8' title='bbox 122 673 270 744; x_wconf 88' lang='lat' dir='ltr'>haberet.</span> <span class='ocrx_word' id='word_1_9' title='bbox 300 676 409 762; x_wconf 88' lang='lat' dir='ltr'><strong>Quem</strong></span> <span class='ocrx_word' id='word_1_10' title='bbox 437 674 595 742; x_wconf 89' lang='lat' dir='ltr'>continuo</span> <span class='ocrx_word' id='word_1_11' title='bbox 621 675 780 758; x_wconf 83' lang='lat' dir='ltr'>Crassus,</span> <span class='ocrx_word' id='word_1_12' title='bbox 809 679 1027 770; x_wconf 67' lang='lat' dir='ltr'>priuatique</span> <span class='ocrx_word' id='word_1_13' title='bbox 1049 673 1184 744; x_wconf 86' lang='lat' dir='ltr'>domum</span> 
     </span>
     <span class='ocr_line' id='line_1_3' title="bbox 119 780 1185 874; baseline 0.002 -26"><span class='ocrx_word' id='word_1_14' title='bbox 119 805 219 850; x_wconf 84' lang='lat' dir='ltr'>sumn</span> <span class='ocrx_word' id='word_1_15' title='bbox 234 785 438 865; x_wconf 75' lang='lat' dir='ltr'>(estimaret,</span> <span class='ocrx_word' id='word_1_16' title='bbox 459 781 683 872; x_wconf 84' lang='lat' dir='ltr'>interrogavit.</span> <span class='ocrx_word' id='word_1_17' title='bbox 699 780 807 872; x_wconf 74' lang='lat' dir='ltr'>Atque</span> <span class='ocrx_word' id='word_1_18' title='bbox 822 793 860 847; x_wconf 92' lang='lat' dir='ltr'>ut</span> <span class='ocrx_word' id='word_1_19' title='bbox 875 780 1065 874; x_wconf 87' lang='lat' dir='ltr'>respoudit,</span> <span class='ocrx_word' id='word_1_20' title='bbox 1082 805 1185 850; x_wconf 79' lang='lat' dir='ltr'>seau-</span> 
     </span>
     <span class='ocr_line' id='line_1_4' title="bbox 116 885 1187 980; baseline 0.002 -25"><span class='ocrx_word' id='word_1_21' title='bbox 116 886 210 980; x_wconf 78' lang='lat' dir='ltr'>gies&#39;</span> <span class='ocrx_word' id='word_1_22' title='bbox 233 891 409 955; x_wconf 74' lang='lat' dir='ltr'>sestertii:</span> <span class='ocrx_word' id='word_1_23' title='bbox 435 887 574 978; x_wconf 80' lang='lat' dir='ltr'>Quanto</span> <span class='ocrx_word' id='word_1_24' title='bbox 592 907 675 979; x_wconf 82' lang='lat' dir='ltr'>ergo</span> <span class='ocrx_word' id='word_1_25' title='bbox 692 909 788 970; x_wconf 88' lang='lat' dir='ltr'>eam,</span> <span class='ocrx_word' id='word_1_26' title='bbox 811 885 933 979; x_wconf 91' lang='lat' dir='ltr'>inquit,</span> <span class='ocrx_word' id='word_1_27' title='bbox 953 891 1091 956; x_wconf 80' lang='lat' dir='ltr'>minoris</span> <span class='ocrx_word' id='word_1_28' title='bbox 1097 887 1187 979; x_wconf 75' lang='lat' dir='ltr'>stare</span> 
     </span>
     <span class='ocr_line' id='line_1_5' title="bbox 119 988 1185 1089; baseline 0 -26"><span class='ocrx_word' id='word_1_29' title='bbox 119 997 318 1078; x_wconf 78' lang='lat' dir='ltr'>existimas,</span> <span class='ocrx_word' id='word_1_30' title='bbox 334 997 367 1060; x_wconf 87' lang='lat' dir='ltr'>si</span> <span class='ocrx_word' id='word_1_31' title='bbox 377 991 492 1061; x_wconf 84' lang='lat' dir='ltr'>decem</span> <span class='ocrx_word' id='word_1_32' title='bbox 505 988 723 1060; x_wconf 82' lang='lat' dir='ltr'>arbusculas&#39;</span> <span class='ocrx_word' id='word_1_33' title='bbox 737 991 817 1060; x_wconf 73' lang='lat' dir='ltr'>nde</span> <span class='ocrx_word' id='word_1_34' title='bbox 826 991 1024 1060; x_wconf 74' lang='lat' dir='ltr'>succidero?</span> <span class='ocrx_word' id='word_1_35' title='bbox 1033 998 1116 1089; x_wconf 65' lang='lat' dir='ltr'>Iliso</span> <span class='ocrx_word' id='word_1_36' title='bbox 1127 1000 1185 1063; x_wconf 80' lang='lat' dir='ltr'>tn·-</span> 
     </span>
    </p>
   </div>
   <div class='ocr_carea' id='block_1_3' title="bbox 119 1097 1309 1194">
    <p class='ocr_par' dir='ltr' id='par_1_3' title="bbox 119 1097 1309 1194">
     <span class='ocr_line' id='line_1_6' title="bbox 119 1097 1309 1194; baseline 0 -26"><span class='ocrx_word' id='word_1_37' title='bbox 119 1105 190 1168; x_wconf 87' lang='lat' dir='ltr'>cies</span> <span class='ocrx_word' id='word_1_38' title='bbox 208 1103 386 1184; x_wconf 78' lang='lat' dir='ltr'>sestertii),</span> <span class='ocrx_word' id='word_1_39' title='bbox 414 1099 460 1166; x_wconf 89' lang='lat' dir='ltr'>ait</span> <span class='ocrx_word' id='word_1_40' title='bbox 481 1097 658 1167; x_wconf 87' lang='lat' dir='ltr'>Domitius.</span> <span class='ocrx_word' id='word_1_41' title='bbox 680 1099 774 1166; x_wconf 91' lang='lat' dir='ltr'>Tunc</span> <span class='ocrx_word' id='word_1_42' title='bbox 795 1100 955 1166; x_wconf 81' lang='lat' dir='ltr'>Crassus:</span> <span class='ocrx_word' id='word_1_43' title='bbox 984 1101 1067 1167; x_wconf 84' lang='lat' dir='ltr'>Uter</span> <span class='ocrx_word' id='word_1_44' title='bbox 1085 1105 1188 1194; x_wconf 60' lang='grc' dir='ltr'>ιξιῖιιν</span> <span class='ocrx_word' id='word_1_45' title='bbox 1307 1145 1309 1156; x_wconf 87' lang='lat'>·</span> 
     </span>
    </p>
   </div>
   <div class='ocr_carea' id='block_1_4' title="bbox 120 1203 1188 2576">
    <p class='ocr_par' dir='ltr' id='par_1_4' title="bbox 120 1203 1188 2124">
     <span class='ocr_line' id='line_1_7' title="bbox 120 1203 1185 1328; baseline 0.001 -54"><span class='ocrx_word' id='word_1_46' title='bbox 120 1203 433 1274; x_wconf 76' lang='lat' dir='ltr'>luxurahsthresti</span> <span class='ocrx_word' id='word_1_47' title='bbox 458 1206 603 1328; x_wconf 84' lang='lat' dir='ltr'><em>Egone,</em></span> <span class='ocrx_word' id='word_1_48' title='bbox 631 1207 693 1298; x_wconf 88' lang='lat' dir='ltr'>qni</span> <span class='ocrx_word' id='word_1_49' title='bbox 715 1203 830 1272; x_wconf 86' lang='lat' dir='ltr'>decem</span> <span class='ocrx_word' id='word_1_50' title='bbox 853 1203 1031 1272; x_wconf 75' lang='lat' dir='ltr'>cadamitas</span> <span class='ocrx_word' id='word_1_51' title='bbox 1054 1221 1185 1274; x_wconf 81' lang='lat' dir='ltr'>ceansrn</span> 
     </span>
     <span class='ocr_line' id='line_1_8' title="bbox 120 1308 1186 1403; baseline -0.001 -22"><span class='ocrx_word' id='word_1_52' title='bbox 120 1311 272 1381; x_wconf 75' lang='lat' dir='ltr'>ouilibus</span> <span class='ocrx_word' id='word_1_53' title='bbox 289 1333 459 1379; x_wconf 84' lang='lat' dir='ltr'>nummum</span> <span class='ocrx_word' id='word_1_54' title='bbox 480 1315 563 1379; x_wconf 90' lang='lat' dir='ltr'>emi:</span> <span class='ocrx_word' id='word_1_55' title='bbox 579 1331 627 1378; x_wconf 85' lang='lat' dir='ltr'>aa</span> <span class='ocrx_word' id='word_1_56' title='bbox 645 1325 683 1377; x_wconf 87' lang='lat' dir='ltr'>tu</span> <span class='ocrx_word' id='word_1_57' title='bbox 689 1333 780 1403; x_wconf 78' lang='lat' dir='ltr'>,qiu</span> <span class='ocrx_word' id='word_1_58' title='bbox 777 1308 911 1378; x_wconf 80' lang='lat' dir='ltr'>decem</span> <span class='ocrx_word' id='word_1_59' title='bbox 928 1309 1186 1380; x_wconf 62' lang='lat' dir='ltr'>miraculosam</span> 
     </span>
     <span class='ocr_line' id='line_1_9' title="bbox 120 1415 1186 1512; baseline 0.001 -26"><span class='ocrx_word' id='word_1_60' title='bbox 120 1417 277 1486; x_wconf 78' lang='lat' dir='ltr'>unorum</span> <span class='ocrx_word' id='word_1_61' title='bbox 291 1420 404 1485; x_wconf 82' lang='lat' dir='ltr'>tricies</span> <span class='ocrx_word' id='word_1_62' title='bbox 412 1421 601 1484; x_wconf 69' lang='lat' dir='ltr'>sestertium</span> <span class='ocrx_word' id='word_1_63' title='bbox 613 1437 747 1484; x_wconf 81' lang='lat' dir='ltr'>swama</span> <span class='ocrx_word' id='word_1_64' title='bbox 757 1415 1186 1512; x_wconf 81' lang='lat' dir='ltr'>compensasiSermonem</span> 
     </span>
     <span class='ocr_line' id='line_1_10' title="bbox 121 1506 1186 1617; baseline 0.001 -25"><span class='ocrx_word' id='word_1_65' title='bbox 121 1521 262 1592; x_wconf 90' lang='lat' dir='ltr'>oblitum</span> <span class='ocrx_word' id='word_1_66' title='bbox 282 1506 436 1616; x_wconf 80' lang='lat' dir='ltr'>Pyrrhi,</span> <span class='ocrx_word' id='word_1_67' title='bbox 455 1523 684 1592; x_wconf 79' lang='lat' dir='ltr'>immemorem</span> <span class='ocrx_word' id='word_1_68' title='bbox 703 1520 940 1609; x_wconf 83' lang='lat' dir='ltr'>Hannibalis,</span> <span class='ocrx_word' id='word_1_69' title='bbox 928 1546 1063 1617; x_wconf 81' lang='lat' dir='ltr'>Jamque</span> <span class='ocrx_word' id='word_1_70' title='bbox 1081 1538 1186 1593; x_wconf 89' lang='lat' dir='ltr'>trans·</span> 
     </span>
     <span class='ocr_line' id='line_1_11' title="bbox 122 1625 1186 1725; baseline 0.002 -29"><span class='ocrx_word' id='word_1_71' title='bbox 122 1631 328 1698; x_wconf 86' lang='lat' dir='ltr'>marinorum</span> <span class='ocrx_word' id='word_1_72' title='bbox 348 1627 587 1722; x_wconf 81' lang='lat' dir='ltr'>stipendiorum</span> <span class='ocrx_word' id='word_1_73' title='bbox 600 1625 801 1696; x_wconf 88' lang='lat' dir='ltr'>abundantia</span> <span class='ocrx_word' id='word_1_74' title='bbox 815 1627 1025 1698; x_wconf 84' lang='lat' dir='ltr'>oscitantem:</span> <span class='ocrx_word' id='word_1_75' title='bbox 1041 1628 1186 1725; x_wconf 89' lang='lat' dir='ltr'>aliquan-</span> 
     </span>
     <span class='ocr_line' id='line_1_12' title="bbox 123 1722 1187 1828; baseline 0.002 -24"><span class='ocrx_word' id='word_1_76' title='bbox 123 1722 177 1804; x_wconf 79' lang='lat' dir='ltr'>to⁴</span> <span class='ocrx_word' id='word_1_77' title='bbox 190 1750 304 1805; x_wconf 88' lang='lat' dir='ltr'>tamen</span> <span class='ocrx_word' id='word_1_78' title='bbox 323 1735 564 1828; x_wconf 76' lang='lat' dir='ltr'>insequentium</span> <span class='ocrx_word' id='word_1_79' title='bbox 583 1731 769 1804; x_wconf 88' lang='lat' dir='ltr'>seculorum</span> <span class='ocrx_word' id='word_1_80' title='bbox 787 1734 930 1804; x_wconf 76' lang='lat' dir='ltr'>edificiis</span> <span class='ocrx_word' id='word_1_81' title='bbox 946 1749 980 1804; x_wconf 87' lang='lat' dir='ltr'>et</span> <span class='ocrx_word' id='word_1_82' title='bbox 996 1737 1187 1806; x_wconf 90' lang='lat' dir='ltr'>nemoribus</span> 
     </span>
     <span class='ocr_line' id='line_1_13' title="bbox 122 1839 1187 1937; baseline 0.002 -26"><span class='ocrx_word' id='word_1_83' title='bbox 122 1843 366 1936; x_wconf 74' lang='lat' dir='ltr'>ungustiorem3</span> <span class='ocrx_word' id='word_1_84' title='bbox 386 1841 543 1935; x_wconf 89' lang='lat' dir='ltr'>quoniam</span> <span class='ocrx_word' id='word_1_85' title='bbox 564 1841 753 1910; x_wconf 88' lang='lat' dir='ltr'>inchoatam</span> <span class='ocrx_word' id='word_1_86' title='bbox 773 1863 793 1908; x_wconf 89' lang='lat' dir='ltr'>a</span> <span class='ocrx_word' id='word_1_87' title='bbox 813 1865 848 1910; x_wconf 90' lang='lat' dir='ltr'>se</span> <span class='ocrx_word' id='word_1_88' title='bbox 866 1839 1026 1910; x_wconf 89' lang='lat' dir='ltr'>lautitiam</span> <span class='ocrx_word' id='word_1_89' title='bbox 1047 1845 1187 1937; x_wconf 87' lang='lat' dir='ltr'>posteris</span> 
     </span>
     <span class='ocr_line' id='line_1_14' title="bbox 124 1946 1188 2042; baseline 0.002 -26"><span class='ocrx_word' id='word_1_90' title='bbox 124 1946 325 2042; x_wconf 87' lang='lat' dir='ltr'>relinquere,</span> <span class='ocrx_word' id='word_1_91' title='bbox 343 1971 443 2041; x_wconf 90' lang='lat' dir='ltr'>quam</span> <span class='ocrx_word' id='word_1_92' title='bbox 461 1970 483 2014; x_wconf 92' lang='lat' dir='ltr'>a</span> <span class='ocrx_word' id='word_1_93' title='bbox 501 1947 681 2042; x_wconf 86' lang='lat' dir='ltr'>majoribus</span> <span class='ocrx_word' id='word_1_94' title='bbox 697 1960 867 2042; x_wconf 87' lang='lat' dir='ltr'>acceptam</span> <span class='ocrx_word' id='word_1_95' title='bbox 887 1948 1121 2020; x_wconf 88' lang='lat' dir='ltr'>continentiam</span> <span class='ocrx_word' id='word_1_96' title='bbox 1142 1975 1188 2018; x_wconf 80' lang='lat' dir='ltr'>re</span> 
     </span>
     <span class='ocr_line' id='line_1_15' title="bbox 123 2051 449 2124; baseline 0 -2"><span class='ocrx_word' id='word_1_97' title='bbox 123 2056 227 2123; x_wconf 86' lang='lat' dir='ltr'>tinere</span> <span class='ocrx_word' id='word_1_98' title='bbox 248 2051 449 2124; x_wconf 89' lang='lat' dir='ltr'>maluerunt.</span> 
     </span>
    </p>

    <p class='ocr_par' dir='ltr' id='par_1_5' title="bbox 124 2158 1187 2576">
     <span class='ocr_line' id='line_1_16' title="bbox 176 2158 1187 2256; baseline 0.002 -26"><span class='ocrx_word' id='word_1_99' title='bbox 176 2158 209 2230; x_wconf 85' lang='lat'>5.</span> <span class='ocrx_word' id='word_1_100' title='bbox 233 2159 326 2248; x_wconf 89' lang='lat' dir='ltr'>Quid</span> <span class='ocrx_word' id='word_1_101' title='bbox 345 2160 434 2228; x_wconf 88' lang='lat' dir='ltr'>enim</span> <span class='ocrx_word' id='word_1_102' title='bbox 455 2159 517 2228; x_wconf 91' lang='lat' dir='ltr'>sibi</span> <span class='ocrx_word' id='word_1_103' title='bbox 539 2159 645 2229; x_wconf 88' lang='lat' dir='ltr'>voluit</span> <span class='ocrx_word' id='word_1_104' title='bbox 666 2161 820 2254; x_wconf 88' lang='lat' dir='ltr'>princeps</span> <span class='ocrx_word' id='word_1_105' title='bbox 845 2185 980 2230; x_wconf 90' lang='lat' dir='ltr'>suorum</span> <span class='ocrx_word' id='word_1_106' title='bbox 999 2175 1187 2256; x_wconf 85' lang='lat' dir='ltr'>temporum</span> 
     </span>
     <span class='ocr_line' id='line_1_17' title="bbox 125 2251 1186 2388; baseline 0.003 -55"><span class='ocrx_word' id='word_1_107' title='bbox 125 2263 279 2336; x_wconf 88' lang='lat' dir='ltr'>Metellus</span> <span class='ocrx_word' id='word_1_108' title='bbox 296 2251 392 2334; x_wconf 86' lang='lat' dir='ltr'>Pius⁵</span> <span class='ocrx_word' id='word_1_109' title='bbox 395 2279 501 2352; x_wconf 91' lang='lat' dir='ltr'>,tuuc</span> <span class='ocrx_word' id='word_1_110' title='bbox 518 2291 627 2388; x_wconf 36' lang='lat' dir='ltr'>quum.</span> <span class='ocrx_word' id='word_1_111' title='bbox 640 2266 674 2333; x_wconf 88' lang='lat' dir='ltr'>in</span> <span class='ocrx_word' id='word_1_112' title='bbox 690 2267 849 2360; x_wconf 88' lang='lat' dir='ltr'>Hispania</span> <span class='ocrx_word' id='word_1_113' title='bbox 866 2266 1028 2338; x_wconf 86' lang='lat' dir='ltr'>adventus</span> <span class='ocrx_word' id='word_1_114' title='bbox 1049 2293 1125 2338; x_wconf 88' lang='lat' dir='ltr'>suos</span> <span class='ocrx_word' id='word_1_115' title='bbox 1143 2269 1186 2338; x_wconf 91' lang='lat' dir='ltr'>ab</span> 
     </span>
     <span class='ocr_line' id='line_1_18' title="bbox 126 2360 1187 2469; baseline 0.005 -30"><span class='ocrx_word' id='word_1_116' title='bbox 126 2371 311 2468; x_wconf 86' lang='lat' dir='ltr'>hospitibus</span> <span class='ocrx_word' id='word_1_117' title='bbox 332 2373 398 2440; x_wconf 86' lang='lat' dir='ltr'>aris</span> <span class='ocrx_word' id='word_1_118' title='bbox 414 2387 448 2441; x_wconf 92' lang='lat' dir='ltr'>et</span> <span class='ocrx_word' id='word_1_119' title='bbox 468 2386 542 2441; x_wconf 88' lang='lat' dir='ltr'>ture</span> <span class='ocrx_word' id='word_1_120' title='bbox 557 2374 662 2466; x_wconf 81' lang='lat' dir='ltr'>excipi</span> <span class='ocrx_word' id='word_1_121' title='bbox 655 2371 885 2468; x_wconf 81' lang='lat' dir='ltr'>patiebatur?</span> <span class='ocrx_word' id='word_1_122' title='bbox 899 2400 1000 2469; x_wconf 92' lang='lat' dir='ltr'>quum</span> <span class='ocrx_word' id='word_1_123' title='bbox 1011 2360 1187 2449; x_wconf 84' lang='lat' dir='ltr'>⁶Attalicis</span> 
     </span>
     <span class='ocr_line' id='line_1_19' title="bbox 124 2477 1186 2576; baseline 0.004 -31"><span class='ocrx_word' id='word_1_124' title='bbox 124 2479 231 2548; x_wconf 74' lang='lat' dir='ltr'>aulaeis</span> <span class='ocrx_word' id='word_1_125' title='bbox 256 2493 428 2548; x_wconf 82' lang='lat' dir='ltr'>contectos</span> <span class='ocrx_word' id='word_1_126' title='bbox 450 2480 591 2572; x_wconf 88' lang='lat' dir='ltr'>parietes</span> <span class='ocrx_word' id='word_1_127' title='bbox 617 2477 692 2550; x_wconf 84' lang='lat' dir='ltr'>laeto</span> <span class='ocrx_word' id='word_1_128' title='bbox 714 2481 826 2550; x_wconf 91' lang='lat' dir='ltr'>animo</span> <span class='ocrx_word' id='word_1_129' title='bbox 851 2479 1062 2551; x_wconf 80' lang='lat' dir='ltr'>intuebatur?</span> <span class='ocrx_word' id='word_1_130' title='bbox 1083 2505 1186 2576; x_wconf 91' lang='lat' dir='ltr'>quum</span> 
     </span>
    </p>
   </div>
   <div class='ocr_carea' id='block_1_5' title="bbox 125 2583 1189 2682">
    <p class='ocr_par' dir='ltr' id='par_1_6' title="bbox 125 2583 1189 2682">
     <span class='ocr_line' id='line_1_20' title="bbox 125 2583 1189 2682; baseline 0.004 -31"><span class='ocrx_word' id='word_1_131' title='bbox 125 2583 339 2654; x_wconf 88' lang='lat' dir='ltr'>immanibus⁷</span> <span class='ocrx_word' id='word_1_132' title='bbox 352 2583 457 2680; x_wconf 90' lang='lat' dir='ltr'>epulis</span> <span class='ocrx_word' id='word_1_133' title='bbox 467 2587 735 2680; x_wconf 86' lang='lat' dir='ltr'>apparatissimos</span> <span class='ocrx_word' id='word_1_134' title='bbox 748 2588 915 2682; x_wconf 89' lang='lat' dir='ltr'>interponi</span> <span class='ocrx_word' id='word_1_135' title='bbox 928 2585 1024 2657; x_wconf 89' lang='lat' dir='ltr'>ludos</span> <span class='ocrx_word' id='word_1_136' title='bbox 1040 2586 1189 2657; x_wconf 87' lang='lat' dir='ltr'>sinebat?</span> 
     </span>
    </p>
   </div>
   <div class='ocr_carea' id='block_1_6' title="bbox 110 2773 1189 4280">
    <p class='ocr_par' dir='ltr' id='par_1_7' title="bbox 125 2773 1188 3086">
     <span class='ocr_line' id='line_1_21' title="bbox 168 2773 1188 2852; baseline 0.003 -24"><span class='ocrx_word' id='word_1_137' title='bbox 168 2795 192 2828; x_wconf 80' lang='lat' dir='ltr'>a.</span> <span class='ocrx_word' id='word_1_138' title='bbox 203 2775 327 2846; x_wconf 60' lang='lat' dir='ltr'>magun.</span> <span class='ocrx_word' id='word_1_139' title='bbox 336 2773 469 2828; x_wconf 82' lang='lat' dir='ltr'>Meursius</span> <span class='ocrx_word' id='word_1_140' title='bbox 479 2775 588 2846; x_wconf 86' lang='lat' dir='ltr'>conjicit</span> <span class='ocrx_word' id='word_1_141' title='bbox 594 2775 632 2830; x_wconf 88' lang='lat' dir='ltr'>le·</span> <span class='ocrx_word' id='word_1_142' title='bbox 717 2784 743 2843; x_wconf 72' lang='grc'>4.</span> <span class='ocrx_word' id='word_1_143' title='bbox 759 2777 924 2850; x_wconf 83' lang='lat' dir='ltr'>Aliquanto..</span> <span class='ocrx_word' id='word_1_144' title='bbox 939 2781 1115 2846; x_wconf 65' lang='lat' dir='ltr'>angustiorem</span> <span class='ocrx_word' id='word_1_145' title='bbox 1131 2799 1188 2852; x_wconf 84' lang='lat' dir='ltr'>quo·</span> 
     </span>
     <span class='ocr_line' id='line_1_22' title="bbox 125 2853 1187 2928; baseline 0.004 -22"><span class='ocrx_word' id='word_1_146' title='bbox 125 2853 240 2924; x_wconf 49' lang='lat' dir='ltr'>mudum</span> <span class='ocrx_word' id='word_1_147' title='bbox 251 2892 268 2920; x_wconf 86' lang='lat'>,.</span> <span class='ocrx_word' id='word_1_148' title='bbox 278 2858 426 2908; x_wconf 66' lang='lat' dir='ltr'>amatia:</span> <span class='ocrx_word' id='word_1_149' title='bbox 440 2853 558 2908; x_wconf 86' lang='lat' dir='ltr'>Plinium</span> <span class='ocrx_word' id='word_1_150' title='bbox 573 2855 592 2908; x_wconf 93' lang='lat' dir='ltr'>l.</span> <span class='ocrx_word' id='word_1_151' title='bbox 608 2873 632 2908; x_wconf 89' lang='lat' dir='ltr'>c.</span> <span class='ocrx_word' id='word_1_152' title='bbox 677 2859 741 2908; x_wconf 69' lang='lat' dir='ltr'>niara</span> <span class='ocrx_word' id='word_1_153' title='bbox 747 2858 889 2910; x_wconf 64' lang='grc' dir='ltr'>ὺιεήοαεαπι.</span> <span class='ocrx_word' id='word_1_154' title='bbox 899 2856 962 2909; x_wconf 70' lang='lat' dir='ltr'>Hoc</span> <span class='ocrx_word' id='word_1_155' title='bbox 970 2857 1048 2910; x_wconf 83' lang='lat' dir='ltr'>lectio</span> <span class='ocrx_word' id='word_1_156' title='bbox 1059 2857 1187 2928; x_wconf 76' lang='lat' dir='ltr'>uPighio,</span> 
     </span>
     <span class='ocr_line' id='line_1_23' title="bbox 126 2931 1187 3002; baseline 0.006 -18"><span class='ocrx_word' id='word_1_157' title='bbox 126 2931 448 2988; x_wconf 81' lang='lat' dir='ltr'>adeodesestertiomillies</span> <span class='ocrx_word' id='word_1_158' title='bbox 457 2933 633 2988; x_wconf 79' lang='lat' dir='ltr'>namare.Sed</span> <span class='ocrx_word' id='word_1_159' title='bbox 676 2955 708 2988; x_wconf 83' lang='lat' dir='ltr'>ex</span> <span class='ocrx_word' id='word_1_160' title='bbox 729 2935 788 2989; x_wconf 89' lang='lat' dir='ltr'>Sus.</span> <span class='ocrx_word' id='word_1_161' title='bbox 812 2948 839 2989; x_wconf 90' lang='lat' dir='ltr'>et</span> <span class='ocrx_word' id='word_1_162' title='bbox 863 2936 962 2988; x_wconf 86' lang='lat' dir='ltr'>Cauch.</span> <span class='ocrx_word' id='word_1_163' title='bbox 992 2937 1187 3002; x_wconf 83' lang='lat' dir='ltr'>consarcinata,</span> 
     </span>
     <span class='ocr_line' id='line_1_24' title="bbox 126 3012 1188 3086; baseline 0 -20"><span class='ocrx_word' id='word_1_164' title='bbox 126 3013 167 3066; x_wconf 84' lang='lat' dir='ltr'>sic</span> <span class='ocrx_word' id='word_1_165' title='bbox 179 3031 232 3066; x_wconf 88' lang='lat' dir='ltr'>uon</span> <span class='ocrx_word' id='word_1_166' title='bbox 244 3012 415 3086; x_wconf 86' lang='lat' dir='ltr'>responderet</span> <span class='ocrx_word' id='word_1_167' title='bbox 429 3021 464 3086; x_wconf 78' lang='grc' dir='ltr'>τῷ</span> <span class='ocrx_word' id='word_1_168' title='bbox 478 3017 565 3068; x_wconf 67' lang='lat' dir='ltr'>trabs.</span> <span class='ocrx_word' id='word_1_169' title='bbox 676 3033 760 3086; x_wconf 87' lang='lat' dir='ltr'>quum</span> <span class='ocrx_word' id='word_1_170' title='bbox 779 3015 899 3086; x_wconf 85' lang='lat' dir='ltr'>plerique</span> <span class='ocrx_word' id='word_1_171' title='bbox 919 3012 996 3068; x_wconf 83' lang='lat' dir='ltr'>Mss.</span> <span class='ocrx_word' id='word_1_172' title='bbox 1017 3015 1115 3068; x_wconf 85' lang='lat' dir='ltr'>habent</span> <span class='ocrx_word' id='word_1_173' title='bbox 1137 3033 1145 3069; x_wconf 79' lang='grc' dir='ltr'><em>τ</em></span> <span class='ocrx_word' id='word_1_174' title='bbox 1164 3028 1188 3068; x_wconf 82' lang='lat' dir='ltr'>et</span> 
     </span>
    </p>

    <p class='ocr_par' dir='ltr' id='par_1_8' title="bbox 123 3093 1188 3246">
     <span class='ocr_line' id='line_1_25' title="bbox 169 3093 1188 3168; baseline 0.003 -24"><span class='ocrx_word' id='word_1_175' title='bbox 169 3109 194 3144; x_wconf 81' lang='lat' dir='ltr'>a.</span> <span class='ocrx_word' id='word_1_176' title='bbox 208 3093 635 3165; x_wconf 60' lang='lat' dir='ltr'>Arbocalaltefueretotifflas</span> <span class='ocrx_word' id='word_1_177' title='bbox 676 3107 766 3168; x_wconf 81' lang='lat' dir='ltr'>quanto</span> <span class='ocrx_word' id='word_1_178' title='bbox 787 3106 897 3147; x_wconf 82' lang='lat' dir='ltr'>tumea..</span> <span class='ocrx_word' id='word_1_179' title='bbox 919 3097 1087 3163; x_wconf 63' lang='lat' dir='ltr'>sufflationis.</span> <span class='ocrx_word' id='word_1_180' title='bbox 1109 3096 1188 3165; x_wconf 81' lang='lat' dir='ltr'>Quam</span> 
     </span>
     <span class='ocr_line' id='line_1_26' title="bbox 123 3171 1187 3246; baseline 0.004 -24"><span class='ocrx_word' id='word_1_181' title='bbox 123 3173 186 3224; x_wconf 78' lang='lat' dir='ltr'>sula</span> <span class='ocrx_word' id='word_1_182' title='bbox 195 3191 330 3226; x_wconf 83' lang='lat' dir='ltr'>ramorum</span> <span class='ocrx_word' id='word_1_183' title='bbox 343 3173 473 3244; x_wconf 84' lang='lat' dir='ltr'>opacitate</span> <span class='ocrx_word' id='word_1_184' title='bbox 483 3172 593 3227; x_wconf 76' lang='lat' dir='ltr'>lascive.</span> <span class='ocrx_word' id='word_1_185' title='bbox 677 3173 739 3246; x_wconf 87' lang='lat' dir='ltr'>(pru</span> <span class='ocrx_word' id='word_1_186' title='bbox 750 3193 820 3246; x_wconf 82' lang='lat' dir='ltr'>qaam</span> <span class='ocrx_word' id='word_1_187' title='bbox 831 3191 900 3226; x_wconf 89' lang='lat' dir='ltr'>uuus</span> <span class='ocrx_word' id='word_1_188' title='bbox 909 3185 935 3226; x_wconf 90' lang='lat' dir='ltr'>et</span> <span class='ocrx_word' id='word_1_189' title='bbox 943 3173 1009 3226; x_wconf 86' lang='lat' dir='ltr'>alter</span> <span class='ocrx_word' id='word_1_190' title='bbox 1019 3171 1101 3239; x_wconf 82' lang='lat' dir='ltr'>ritum)</span> <span class='ocrx_word' id='word_1_191' title='bbox 1111 3178 1187 3226; x_wconf 76' lang='lat' dir='ltr'>hism-</span> 
     </span>
    </p>

    <p class='ocr_par' dir='ltr' id='par_1_9' title="bbox 114 3249 1189 3961">
     <span class='ocr_line' id='line_1_27' title="bbox 166 3249 1187 3327; baseline 0.004 -23"><span class='ocrx_word' id='word_1_192' title='bbox 166 3253 193 3304; x_wconf 83' lang='lat'>3.</span> <span class='ocrx_word' id='word_1_193' title='bbox 208 3252 344 3306; x_wconf 59' lang='lat' dir='ltr'>mnam</span> <span class='ocrx_word' id='word_1_194' title='bbox 359 3253 457 3305; x_wconf 82' lang='lat' dir='ltr'>oblitam</span> <span class='ocrx_word' id='word_1_195' title='bbox 468 3253 568 3324; x_wconf 76' lang='lat' dir='ltr'>Pyrr-lsi.</span> <span class='ocrx_word' id='word_1_196' title='bbox 582 3253 635 3306; x_wconf 83' lang='lat' dir='ltr'>Per</span> <span class='ocrx_word' id='word_1_197' title='bbox 676 3254 795 3306; x_wconf 67' lang='lat' dir='ltr'>durem</span> <span class='ocrx_word' id='word_1_198' title='bbox 805 3263 876 3326; x_wconf 86' lang='lat' dir='ltr'>utque</span> <span class='ocrx_word' id='word_1_199' title='bbox 888 3249 1027 3315; x_wconf 89' lang='lat' dir='ltr'>(nonnulli</span> <span class='ocrx_word' id='word_1_200' title='bbox 1042 3250 1136 3327; x_wconf 84' lang='lat' dir='ltr'>itaque)</span> <span class='ocrx_word' id='word_1_201' title='bbox 1150 3258 1187 3308; x_wconf 88' lang='lat' dir='ltr'>in·</span> 
     </span>
     <span class='ocr_line' id='line_1_28' title="bbox 122 3330 1187 3405; baseline 0.005 -22"><span class='ocrx_word' id='word_1_202' title='bbox 122 3333 338 3386; x_wconf 81' lang='lat' dir='ltr'>exclamationem</span> <span class='ocrx_word' id='word_1_203' title='bbox 347 3334 376 3384; x_wconf 89' lang='lat' dir='ltr'>in</span> <span class='ocrx_word' id='word_1_204' title='bbox 382 3330 600 3404; x_wconf 77' lang='lat' dir='ltr'>utroquellrand.</span> <span class='ocrx_word' id='word_1_205' title='bbox 608 3344 635 3386; x_wconf 89' lang='lat' dir='ltr'>et</span> <span class='ocrx_word' id='word_1_206' title='bbox 676 3334 794 3387; x_wconf 75' lang='lat' dir='ltr'>clantm.</span> <span class='ocrx_word' id='word_1_207' title='bbox 806 3333 887 3386; x_wconf 88' lang='lat' dir='ltr'>Unde</span> <span class='ocrx_word' id='word_1_208' title='bbox 897 3332 1051 3386; x_wconf 77' lang='lat' dir='ltr'>Perizonius</span> <span class='ocrx_word' id='word_1_209' title='bbox 1064 3334 1187 3405; x_wconf 86' lang='lat' dir='ltr'>conjicit:</span> 
     </span>
     <span class='ocr_line' id='line_1_29' title="bbox 119 3411 1188 3486; baseline 0.005 -24"><span class='ocrx_word' id='word_1_210' title='bbox 119 3411 196 3466; x_wconf 82' lang='lat' dir='ltr'>libais</span> <span class='ocrx_word' id='word_1_211' title='bbox 207 3413 263 3465; x_wconf 83' lang='lat' dir='ltr'>lere</span> <span class='ocrx_word' id='word_1_212' title='bbox 273 3413 399 3465; x_wconf 85' lang='lat' dir='ltr'>omnibus</span> <span class='ocrx_word' id='word_1_213' title='bbox 409 3413 465 3465; x_wconf 75' lang='lat' dir='ltr'>hac</span> <span class='ocrx_word' id='word_1_214' title='bbox 475 3412 632 3466; x_wconf 74' lang='lat' dir='ltr'>efferuntur.</span> <span class='ocrx_word' id='word_1_215' title='bbox 677 3413 810 3486; x_wconf 76' lang='lat' dir='ltr'>Eiquaato</span> <span class='ocrx_word' id='word_1_216' title='bbox 818 3416 1029 3483; x_wconf 67' lang='lat' dir='ltr'>anagniam</span> <span class='ocrx_word' id='word_1_217' title='bbox 1036 3418 1107 3466; x_wconf 67' lang='lat' dir='ltr'>utum</span> <span class='ocrx_word' id='word_1_218' title='bbox 1113 3419 1188 3467; x_wconf 79' lang='lat' dir='ltr'>iatiu-</span> 
     </span>
     <span class='ocr_line' id='line_1_30' title="bbox 119 3491 1187 3566; baseline 0.004 -22"><span class='ocrx_word' id='word_1_219' title='bbox 119 3491 218 3545; x_wconf 83' lang='lat' dir='ltr'>Sensus</span> <span class='ocrx_word' id='word_1_220' title='bbox 229 3503 319 3544; x_wconf 87' lang='lat' dir='ltr'>autem</span> <span class='ocrx_word' id='word_1_221' title='bbox 331 3505 382 3548; x_wconf 88' lang='lat' dir='ltr'>est,</span> <span class='ocrx_word' id='word_1_222' title='bbox 392 3511 538 3545; x_wconf 72' lang='lat' dir='ltr'>minonem</span> <span class='ocrx_word' id='word_1_223' title='bbox 554 3492 635 3546; x_wconf 89' lang='lat' dir='ltr'>istum</span> <span class='ocrx_word' id='word_1_224' title='bbox 677 3493 809 3554; x_wconf 59' lang='lat' dir='ltr'>mensae,</span> <span class='ocrx_word' id='word_1_225' title='bbox 823 3495 864 3566; x_wconf 84' lang='lat' dir='ltr'>qui</span> <span class='ocrx_word' id='word_1_226' title='bbox 877 3495 1019 3546; x_wconf 74' lang='lat' dir='ltr'>melaniam.</span> <span class='ocrx_word' id='word_1_227' title='bbox 1033 3493 1085 3546; x_wconf 79' lang='lat' dir='ltr'>Sed</span> <span class='ocrx_word' id='word_1_228' title='bbox 1098 3496 1187 3566; x_wconf 83' lang='lat' dir='ltr'>Kapp.</span> 
     </span>
     <span class='ocr_line' id='line_1_31' title="bbox 118 3569 1188 3646; baseline 0.003 -23"><span class='ocrx_word' id='word_1_229' title='bbox 118 3571 233 3624; x_wconf 84' lang='lat' dir='ltr'>Domitii</span> <span class='ocrx_word' id='word_1_230' title='bbox 242 3585 270 3624; x_wconf 90' lang='lat' dir='ltr'>et</span> <span class='ocrx_word' id='word_1_231' title='bbox 281 3572 369 3625; x_wconf 84' lang='lat' dir='ltr'>Crassi</span> <span class='ocrx_word' id='word_1_232' title='bbox 380 3569 479 3624; x_wconf 87' lang='lat' dir='ltr'>indicio</span> <span class='ocrx_word' id='word_1_233' title='bbox 490 3591 553 3636; x_wconf 85' lang='lat' dir='ltr'>esse,</span> <span class='ocrx_word' id='word_1_234' title='bbox 561 3569 634 3644; x_wconf 87' lang='lat' dir='ltr'>quod</span> <span class='ocrx_word' id='word_1_235' title='bbox 678 3573 765 3626; x_wconf 84' lang='lat' dir='ltr'>malit:</span> <span class='ocrx_word' id='word_1_236' title='bbox 773 3574 904 3646; x_wconf 83' lang='lat' dir='ltr'>thuanto</span> <span class='ocrx_word' id='word_1_237' title='bbox 912 3585 1022 3626; x_wconf 85' lang='lat' dir='ltr'>tamen...</span> <span class='ocrx_word' id='word_1_238' title='bbox 1029 3577 1188 3643; x_wconf 73' lang='lat' dir='ltr'>angustiorem</span> 
     </span>
     <span class='ocr_line' id='line_1_32' title="bbox 117 3652 1189 3725; baseline 0.004 -21"><span class='ocrx_word' id='word_1_239' title='bbox 117 3669 215 3704; x_wconf 80' lang='lat' dir='ltr'>eorum</span> <span class='ocrx_word' id='word_1_240' title='bbox 229 3663 396 3723; x_wconf 85' lang='lat' dir='ltr'>temporum,</span> <span class='ocrx_word' id='word_1_241' title='bbox 407 3652 504 3723; x_wconf 90' lang='lat' dir='ltr'>quibus</span> <span class='ocrx_word' id='word_1_242' title='bbox 515 3652 635 3725; x_wconf 78' lang='lat' dir='ltr'>Pyrrhus</span> <span class='ocrx_word' id='word_1_243' title='bbox 678 3653 1039 3725; x_wconf 72' lang='lat' dir='ltr'>ritmiatrodueeruatidtqui</span> <span class='ocrx_word' id='word_1_244' title='bbox 1045 3653 1189 3708; x_wconf 70' lang='lat' dir='ltr'>molentum.</span> 
     </span>
     <span class='ocr_line' id='line_1_33' title="bbox 116 3730 1187 3802; baseline 0.003 -19"><span class='ocrx_word' id='word_1_245' title='bbox 116 3749 183 3783; x_wconf 84' lang='lat' dir='ltr'>eum</span> <span class='ocrx_word' id='word_1_246' title='bbox 197 3731 322 3784; x_wconf 71' lang='lat' dir='ltr'>amanis</span> <span class='ocrx_word' id='word_1_247' title='bbox 336 3730 435 3784; x_wconf 86' lang='lat' dir='ltr'>bellum</span> <span class='ocrx_word' id='word_1_248' title='bbox 451 3731 544 3802; x_wconf 82' lang='lat' dir='ltr'>gessit,</span> <span class='ocrx_word' id='word_1_249' title='bbox 559 3730 634 3784; x_wconf 89' lang='lat' dir='ltr'>obliti</span> <span class='ocrx_word' id='word_1_250' title='bbox 720 3733 745 3786; x_wconf 82' lang='lat'>5.</span> <span class='ocrx_word' id='word_1_251' title='bbox 766 3733 835 3786; x_wconf 75' lang='lat' dir='ltr'>Pisa.</span> <span class='ocrx_word' id='word_1_252' title='bbox 852 3733 923 3784; x_wconf 74' lang='lat' dir='ltr'>Anu.</span> <span class='ocrx_word' id='word_1_253' title='bbox 937 3733 973 3785; x_wconf 87' lang='lat' dir='ltr'>U.</span> <span class='ocrx_word' id='word_1_254' title='bbox 988 3731 1055 3802; x_wconf 80' lang='lat'>673.</span> <span class='ocrx_word' id='word_1_255' title='bbox 1070 3733 1187 3786; x_wconf 84' lang='lat' dir='ltr'>Macruh.</span> 
     </span>
     <span class='ocr_line' id='line_1_34' title="bbox 114 3809 1188 3882; baseline 0.002 -20"><span class='ocrx_word' id='word_1_256' title='bbox 114 3823 186 3862; x_wconf 86' lang='lat' dir='ltr'>tuuc</span> <span class='ocrx_word' id='word_1_257' title='bbox 203 3811 322 3863; x_wconf 84' lang='lat' dir='ltr'>luerint:</span> <span class='ocrx_word' id='word_1_258' title='bbox 339 3811 405 3863; x_wconf 89' lang='lat' dir='ltr'>olim</span> <span class='ocrx_word' id='word_1_259' title='bbox 418 3809 489 3864; x_wconf 87' lang='lat' dir='ltr'>euim</span> <span class='ocrx_word' id='word_1_260' title='bbox 502 3811 635 3882; x_wconf 82' lang='lat' dir='ltr'>permulta</span> <span class='ocrx_word' id='word_1_261' title='bbox 676 3811 732 3878; x_wconf 89' lang='lat'>111,</span> <span class='ocrx_word' id='word_1_262' title='bbox 753 3811 786 3864; x_wconf 78' lang='lat'>13</span> <span class='ocrx_word' id='word_1_263' title='bbox 799 3831 807 3878; x_wconf 68' lang='grc' dir='ltr'>ς</span> <span class='ocrx_word' id='word_1_264' title='bbox 826 3813 897 3865; x_wconf 88' lang='lat' dir='ltr'>Plut.</span> <span class='ocrx_word' id='word_1_265' title='bbox 913 3811 941 3864; x_wconf 88' lang='lat' dir='ltr'>iu</span> <span class='ocrx_word' id='word_1_266' title='bbox 955 3812 1066 3882; x_wconf 88' lang='lat' dir='ltr'>Pomp.;</span> <span class='ocrx_word' id='word_1_267' title='bbox 1082 3813 1188 3866; x_wconf 85' lang='lat' dir='ltr'>Sallust.</span> 
     </span>
     <span class='ocr_line' id='line_1_35' title="bbox 114 3889 794 3961; baseline 0 -19"><span class='ocrx_word' id='word_1_268' title='bbox 114 3891 235 3942; x_wconf 72' lang='lat' dir='ltr'>Rotnani</span> <span class='ocrx_word' id='word_1_269' title='bbox 263 3890 421 3960; x_wconf 72' lang='lat' dir='ltr'>lrugslitatis</span> <span class='ocrx_word' id='word_1_270' title='bbox 448 3891 566 3961; x_wconf 78' lang='lat' dir='ltr'>exempla</span> <span class='ocrx_word' id='word_1_271' title='bbox 593 3909 637 3943; x_wconf 81' lang='lat' dir='ltr'>ex·</span> <span class='ocrx_word' id='word_1_272' title='bbox 677 3889 738 3944; x_wconf 85' lang='lat' dir='ltr'>hist.</span> <span class='ocrx_word' id='word_1_273' title='bbox 755 3907 794 3942; x_wconf 85' lang='lat'>11·</span> 
     </span>
    </p>

    <p class='ocr_par' dir='ltr' id='par_1_10' title="bbox 110 3969 1188 4200">
     <span class='ocr_line' id='line_1_36' title="bbox 111 3969 1188 4040; baseline -0.001 -18"><span class='ocrx_word' id='word_1_274' title='bbox 111 3969 282 4034; x_wconf 83' lang='lat' dir='ltr'>hibuerunt,</span> <span class='ocrx_word' id='word_1_275' title='bbox 295 3983 321 4023; x_wconf 90' lang='lat' dir='ltr'>et</span> <span class='ocrx_word' id='word_1_276' title='bbox 335 3970 551 4040; x_wconf 87' lang='lat' dir='ltr'>corruptionibus</span> <span class='ocrx_word' id='word_1_277' title='bbox 562 3970 635 4022; x_wconf 82' lang='lat' dir='ltr'>nulla</span> <span class='ocrx_word' id='word_1_278' title='bbox 719 3975 746 4024; x_wconf 87' lang='lat'>6.</span> <span class='ocrx_word' id='word_1_279' title='bbox 765 3969 890 4023; x_wconf 80' lang='lat' dir='ltr'>Attalicis.</span> <span class='ocrx_word' id='word_1_280' title='bbox 910 3971 984 4022; x_wconf 77' lang='lat' dir='ltr'>Auro</span> <span class='ocrx_word' id='word_1_281' title='bbox 1002 3970 1123 4033; x_wconf 76' lang='lat' dir='ltr'>intextis3</span> <span class='ocrx_word' id='word_1_282' title='bbox 1142 3987 1188 4021; x_wconf 89' lang='lat' dir='ltr'>au·</span> 
     </span>
     <span class='ocr_line' id='line_1_37' title="bbox 111 4047 1187 4119; baseline 0.002 -18"><span class='ocrx_word' id='word_1_283' title='bbox 111 4049 209 4119; x_wconf 83' lang='lat' dir='ltr'>patuit</span> <span class='ocrx_word' id='word_1_284' title='bbox 227 4047 331 4102; x_wconf 85' lang='lat' dir='ltr'>domus.</span> <span class='ocrx_word' id='word_1_285' title='bbox 350 4077 389 4092; x_wconf 86' lang='lat'>--</span> <span class='ocrx_word' id='word_1_286' title='bbox 404 4049 559 4102; x_wconf 81' lang='lat' dir='ltr'>Hannibalis.</span> <span class='ocrx_word' id='word_1_287' title='bbox 581 4049 634 4115; x_wconf 87' lang='lat' dir='ltr'>Qui</span> <span class='ocrx_word' id='word_1_288' title='bbox 678 4051 816 4104; x_wconf 76' lang='lat' dir='ltr'>rumonim</span> <span class='ocrx_word' id='word_1_289' title='bbox 828 4050 958 4113; x_wconf 83' lang='lat' dir='ltr'>intexere,</span> <span class='ocrx_word' id='word_1_290' title='bbox 967 4050 1069 4101; x_wconf 78' lang='lat' dir='ltr'>Attalus</span> <span class='ocrx_word' id='word_1_291' title='bbox 1077 4047 1187 4103; x_wconf 84' lang='lat' dir='ltr'>invenit.</span> 
     </span>
     <span class='ocr_line' id='line_1_38' title="bbox 110 4127 904 4200; baseline 0.003 -20"><span class='ocrx_word' id='word_1_292' title='bbox 110 4127 221 4180; x_wconf 86' lang='lat' dir='ltr'>dixisse</span> <span class='ocrx_word' id='word_1_293' title='bbox 236 4129 332 4181; x_wconf 78' lang='lat' dir='ltr'>lentur:</span> <span class='ocrx_word' id='word_1_294' title='bbox 349 4128 503 4200; x_wconf 83' lang='lat' dir='ltr'>priusquam</span> <span class='ocrx_word' id='word_1_295' title='bbox 520 4130 584 4181; x_wconf 75' lang='lat' dir='ltr'>lusu</span> <span class='ocrx_word' id='word_1_296' title='bbox 597 4147 635 4182; x_wconf 87' lang='lat' dir='ltr'>ca·</span> <span class='ocrx_word' id='word_1_297' title='bbox 679 4130 746 4182; x_wconf 89' lang='lat' dir='ltr'>Plin.</span> <span class='ocrx_word' id='word_1_298' title='bbox 760 4130 842 4196; x_wconf 88' lang='lat' dir='ltr'>Vlll,</span> <span class='ocrx_word' id='word_1_299' title='bbox 860 4131 904 4192; x_wconf 71' lang='grc'>48.</span> 
     </span>
    </p>

    <p class='ocr_par' dir='ltr' id='par_1_11' title="bbox 111 4206 1176 4280">
     <span class='ocr_line' id='line_1_39' title="bbox 111 4206 1176 4280; baseline -0.001 -18"><span class='ocrx_word' id='word_1_300' title='bbox 111 4209 406 4278; x_wconf 74' lang='lat' dir='ltr'>petentur,llumanos</span> <span class='ocrx_word' id='word_1_301' title='bbox 417 4209 474 4279; x_wconf 86' lang='lat' dir='ltr'>capi</span> <span class='ocrx_word' id='word_1_302' title='bbox 484 4227 537 4262; x_wconf 89' lang='lat' dir='ltr'>nou</span> <span class='ocrx_word' id='word_1_303' title='bbox 549 4227 630 4280; x_wconf 88' lang='lat' dir='ltr'>posse.</span> <span class='ocrx_word' id='word_1_304' title='bbox 718 4227 744 4277; x_wconf 83' lang='lat'>7.</span> <span class='ocrx_word' id='word_1_305' title='bbox 760 4209 912 4261; x_wconf 83' lang='lat' dir='ltr'>immanibus.</span> <span class='ocrx_word' id='word_1_306' title='bbox 929 4206 1176 4278; x_wconf 81' lang='lat' dir='ltr'>sumptuosissimis.</span> 
     </span>
    </p>
   </div>
   <div class='ocr_carea' id='block_1_7' title="bbox 0 0 1569 5134">
    <p class='ocr_par' dir='ltr' id='par_1_12' title="bbox 0 0 1569 5134">
     <span class='ocr_line' id='line_1_40' title="bbox 0 0 1569 5134; baseline 0 0"><span class='ocrx_word' id='word_1_307' title='bbox 0 0 1569 5134; x_wconf 95' lang='lat' dir='ltr'> </span> 
     </span>
    </p>
   </div>
  </div>
 </body>
</html>
