3110 5134
234 526 340 594 CAP.
368 527 419 606 V,
446 525 515 594 DE
541 523 818 596 TESTIMON.
847 529 1058 600 IRRITIS.
1130 560 1178 632 79

166 655 201 727 3.
217 659 254 726 L.
269 679 402 750 quoque
413 656 552 724 Crassus
565 669 677 724 tantus
690 655 926 752 opudjudices,
936 675 1080 755 quantus
1090 667 1180 759 apud

107 767 144 832 P.
161 766 202 834 C.
220 761 371 832 AEmilius
386 751 530 832 Scauru's
543 753 709 856 (namque
723 787 839 832 eorum
854 765 1012 861 suffragia
1025 769 1180 841 robustis

107 872 203 940 simis
217 884 251 938 et
263 867 456 938 felicissimis
474 867 668 963 eloquentiae
685 868 853 964 stipendiis
871 872 1025 967 regebat,
1043 891 1178 972 eratque

106 978 157 1046 sic
174 975 262 1063 fori,
279 989 318 1044 ut
335 973 389 1044 ille
403 975 503 1044 curiae
523 966 722 1071 princeps);
737 1001 840 1071 quum
853 978 1177 1053 vehementissimum

107 1083 293 1152 testimonii
312 1079 439 1150 fulmen
457 1083 496 1150 in
508 1083 556 1149 Μ.
573 1079 769 1150 Marcellum
787 1083 901 1152 reum¹
920 1085 1101 1178 injecisset,
1121 1091 1179 1160 im·

107 1204 191 1284 petu
214 1187 345 1283 gnavis,
365 1189 452 1256 exitu
473 1209 579 1256 vanus
593 1188 756 1280 apparuit.

163 1312 199 1395 4.
216 1310 310 1402 Age,
328 1308 372 1396 Q.
390 1303 544 1376 Metellus
559 1305 657 1393 Pius,
679 1307 718 1373 L.
732 1307 780 1376 Μ.
796 1305 945 1396 Luculli,
966 1310 1009 1398 Q.
1030 1315 1176 1382 Horten·

109 1417 199 1502 sius,
218 1417 267 1482 Μ.
280 1411 446 1508 Lepidus,
467 1415 506 1481 C.
525 1408 689 1482 Cornelii²
706 1413 884 1504 majestatis
903 1415 968 1502 rei,
988 1440 1087 1510 mum
1109 1445 1177 1490 non

109 1534 294 1590 onerarunt
310 1517 543 1588 tantummodo
559 1529 660 1586 testes
675 1515 833 1606 salutem,
855 1517 912 1586 sed
932 1521 1030 1589 etiam
1048 1547 1176 1617 negon-
1276 1557 1279 1567 ·

110 1643 180 1711 tes,
200 1625 259 1696 illo
280 1623 439 1696 incolumi
460 1638 546 1694 stare
570 1622 808 1718 rempublicam
831 1647 945 1718 posse,
971 1626 1177 1724 depoposce-

111 1732 215 1802 runt?
234 1734 320 1822 Quae
338 1715 481 1801 decora³
496 1731 637 1801 civitatis
653 1721 779 1824 (pudet
796 1724 944 1820 referre)
964 1735 1110 1804 umbone
1124 1738 1176 1832 ju-

110 1837 220 1910 diciali
237 1836 372 1935 repulsa
393 1851 479 1907 sunt.

163 1955 196 2030 5.
217 1958 331 2048 Quid,
349 1959 397 2026 Μ.
417 1956 535 2027 Cicero
557 1955 679 2025 forensi
704 1940 843 2024 militia³
862 1981 1010 2027 summos
1032 1959 1175 2032 honores

111 2064 415 2160 amplissimumque
434 2061 601 2158 dignitatis
621 2059 731 2130 locum
748 2059 906 2156 adeptus,
923 2088 1034 2133 nonne
1050 2067 1085 2133 in
1100 2069 1178 2163 ipsis

112 2169 306 2267 eloquentiae
319 2193 388 2239 suae
404 2171 518 2239 castris
532 2169 624 2238 testis
637 2167 785 2262 abjectus
801 2182 865 2256 est,
879 2168 959 2237 dum
970 2173 1006 2239 P.
1023 2170 1176 2243 Clodium

112 2279 225 2348 Romae
237 2275 330 2372 apud
344 2299 379 2345 se
392 2275 491 2345 l'uisse
501 2275 641 2369 juravit,
655 2272 712 2342 illo
729 2273 924 2370 sacrilegum
936 2275 1096 2371 flagitium
1108 2305 1176 2349 uno

112 2383 265 2453 absenuae
280 2396 479 2478 argumento
494 2378 631 2450 tuente?
643 2379 812 2476 Siquidem
824 2380 950 2475 judices
965 2381 1119 2455 Clodium
1132 2388 1178 2455 in-

110 2493 188 2560 cesti
205 2491 370 2578 crimine,
387 2512 486 2583 quam
509 2488 705 2557 Ciceronem
727 2485 862 2556 infamia
884 2488 1020 2584 peq'urii
1039 2489 1177 2562 liberare

107 2595 307 2667 maluerunt.

152 2809 181 2844 1.
193 2792 278 2844 um.
286 2785 544 2860 Repemudurumex
553 2787 626 2840 Gn·
666 2787 818 2840 Immiuuw
833 2800 924 2858 postea
938 2791 1079 2859 mejestatis
1092 2793 1178 2846 tribu.

105 2870 152 2922 cia
162 2866 624 2933 ntchda‚utvidetur.t.11.660.
666 2866 739 2920 nitito
748 2868 1174 2942 aecusatuoCoruelius.-Depo·

157 2967 186 3001 π.
204 2948 234 3000 C.
251 2947 359 3000 Comlii.
376 2950 409 3001 Δ.
425 2947 461 3000 U.
478 2947 545 3016 687.
561 2947 627 3000 Cor·
663 2959 798 3015 poscerant.
815 2945 919 2999 Scilicet
932 2946 967 3000 ud
983 2960 1106 3001 mortem.

104 3027 202 3082 nelius
223 3027 250 3080 in
270 3027 402 3082 nibunatu
416 3028 488 3097 justo
507 3026 625 3097 pertine·
708 3032 734 3079 3.
751 3026 857 3078 Decor«.
877 3025 1049 3079 Illustrissimi
1064 3029 1115 3081 viri
1131 3049 1176 3083 eo-

101 3109 213 3161 ciorcm
226 3125 256 3160 se
268 3107 372 3177 pessime
386 3104 536 3160 videbator.
551 3107 625 3158 luter
666 3121 780 3174 rumque
799 3105 947 3157 testimonio
968 3107 1042 3176 quusi
1061 3109 1177 3163 umbone

99 3200 202 3244 cutm
231 3187 445 3258 promulgaverat
466 3185 566 3256 legem,
590 3203 625 3238 ne
666 3184 753 3255 clypei
772 3183 877 3254 repulso
899 3196 978 3250 sunt,
997 3203 1033 3239 ne
1056 3187 1178 3242 obessent

100 3269 176 3338 quis,
190 3268 242 3320 uisi
253 3285 302 3338 per
311 3266 456 3338 populum,
465 3264 567 3337 legibus
575 3263 626 3316 ool·
667 3262 801 3316 Cornelio.

98 3361 229 3411 veretur,
250 3345 325 3418 quod
341 3345 451 3416 antiquo
469 3343 549 3396 etium
565 3345 625 3414 jure
708 3342 1177 3410 efomostmtttua.1den,0mu0·

95 3441 159 3482 ant
178 3437 300 3480 cautum.
323 3424 417 3490 Hanc,
436 3423 498 3495 quio
519 3434 625 3476 senatus
666 3421 746 3476 nibus
767 3423 837 3488 suis,
859 3434 886 3476 et
903 3423 1053 3494 eloquentia
1067 3445 1121 3480 sun.
1141 3461 1174 3474 .-

96 3508 294 3560 auctoritutem
310 3505 463 3566 minuebat,
479 3502 571 3574 inique
585 3502 624 3556 fe·
666 3501 783 3572 Abjectus
796 3513 838 3554 est.
852 3503 884 3553 A.
896 3503 931 3555 U.
945 3507 1013 3572 692;
1032 3505 1102 3558 Plut.
1112 3509 1178 3578 Dio,

93 3589 175 3642 rebat
203 3599 322 3640 senatus.
348 3583 475 3638 Servilius
493 3582 624 3636 Globulus
669 3581 721 3651 373
738 3581 794 3636 Cic.
811 3582 909 3648 tto.1;
925 3582 1017 3636 Senec.
1032 3585 1116 3638 Lucil.
1131 3607 1175 3661 ep.

93 3669 160 3721 nib.
179 3667 223 3740 pl.
240 3665 323 3736 igitur
336 3664 495 3716 subornatus
507 3662 553 3733 qui
568 3662 624 3715 col·
668 3663 714 3729 98.
732 3661 771 3712 De
790 3659 887 3714 Clodio
900 3663 955 3732 jem
969 3681 1050 3735 cupra
1063 3666 1121 3732 111,
1144 3669 1176 3734 5,

91 3749 160 3820 lega
176 3745 338 3808 resisteret,
358 3753 385 3795 et
398 3759 547 3814 preconem
561 3760 625 3813 pro·
667 3739 700 3805 33
717 3741 772 3805 IV,
790 3759 824 3804 n,
841 3739 867 3792 5.
882 3773 922 3784 -
936 3741 1092 3812 Sacrilegum.
1109 3748 1178 3812 Quh

90 3827 232 3881 nuntia-e
246 3840 412 3896 potiusnon
428 3832 475 3874 est.
492 3819 544 3874 Sed
557 3822 624 3874 Cor·
666 3833 804 3892 correptus
829 3837 918 3874 umore
944 3823 1078 3893 Pompeiae
1106 3845 1177 3880 sucro

88 3909 184 3960 nolim
201 3907 265 3976 ipse
278 3897 625 3972 codicemrecitavit,quod
667 3893 749 3952 Bona
771 3899 833 3952 Dee
853 3899 926 3954 adire
951 3921 1006 3954 non
1028 3901 1176 3970 dubitavit,

86 3988 150 4042 fiai
162 3997 273 4041 contra
284 3981 452 4036 tribunitiam
465 3979 626 4034 intercessio·
667 3979 764 4050 quilius
776 3977 865 4032 edesse
880 3981 952 4034 nelos
965 3993 1022 4034 erat
1032 3982 1099 4034 viro.
1114 3985 1176 4036 Fla-

86 4058 626 4134 neml’ieocos.qnestusest.Sedoonsul
666 4061 753 4127 gitium
765 4059 878 4113 incestus
896 4074 943 4113 est.
960 4061 1046 4114 eaor
1059 4061 1127 4114 hunc
1141 4066 1177 4116 oh

86 4149 213 4222 ,plebe
232 4142 308 4214 gravi
319 4139 479 4196 contumelia
492 4138 626 4203 adlectus,
667 4155 724 4190 rem
737 4157 930 4192 uxoremsuom
942 4136 1099 4209 repudiavit.
1112 4143 1176 4197 vid,

84 4228 169 4283 fructi
182 4227 292 4288 tames,
306 4219 408 4293 lapideo
417 4221 446 4274 in
458 4220 544 4291 ipsum
554 4218 624 4288 jacti.
666 4215 766 4270 sueton
776 4218 805 4270 in
815 4219 869 4270 vita
876 4220 941 4272 Ceo.
950 4219 1084 4272 Incestum
1098 4221 1177 4279 etium
