3110 5134
223 509 318 577 CAP.
342 506 423 590 Vll,
450 505 512 574 DE
539 505 707 574 STUDIO
734 509 790 574 ET
818 509 1073 578 INDUSTRIA.
1128 507 1178 606 95

173 643 233 723 ad.
250 642 324 708 lam
344 635 465 706 Solon¹
482 649 606 730 quanta
626 637 785 706 industria
804 639 1009 734 flagraverit,
1026 657 1060 710 et
1079 645 1179 713 versi·
1205 696 1209 708 .

117 747 177 814 bus
201 743 396 839 complexus
420 756 489 830 est,
513 743 633 837 quihus
653 743 815 838 significat
835 771 869 814 se
893 747 1038 841 quotidie
1058 745 1179 843 aliquid

116 851 340 920 addiscentem
358 873 545 935 senescere,
565 865 599 917 et
616 873 771 944 supremo
784 852 860 920 vitae
879 852 932 921 die
951 849 1179 924 confirmavit:

115 960 169 1052 qui
187 955 407 1026 assidentibus
424 956 554 1042 amicis,
572 969 606 1024 et
620 955 763 1049 quedam
779 957 821 1025 de
833 983 869 1026 re
890 983 1074 1027 sermonem
1095 963 1180 1030 inter

114 1089 149 1132 se
167 1061 437 1148 conferentibus,
455 1061 531 1130 fatis
545 1061 614 1153 jam
634 1085 782 1155 pressum
805 1079 905 1158 eaput
925 1063 1065 1150 erexit²;
1080 1069 1178 1136 inter·

115 1184 337 1264 rogatusque,
355 1183 567 1262 quapropter
580 1166 790 1258 dispenset,
807 1169 977 1264 respondit
993 1196 1000 1238 :
1017 1175 1062 1239 Ut
1077 1197 1178 1266 qrmm

116 1275 226 1360 erud,
251 1273 419 1368 qut'dqmil
433 1288 500 1358 est,
521 1272 565 1340 de
580 1297 648 1366 quo
663 1273 864 1368 disputatis,
876 1300 1065 1370 percepero
1074 1331 1086 1363 ,
1108 1303 1179 1347 mo·

114 1386 195 1452 ήαν.
215 1381 395 1474 Migrnsset
407 1365 558 1474 p'r‘ofecto
569 1403 608 1446 ex
621 1379 810 1448 hominibus
821 1380 956 1466 inertia,
972 1383 998 1450 si
1017 1407 1057 1451 eo
1069 1385 1179 1454 animo

117 1490 217 1557 vitam
240 1483 511 1580 ingrederentur,
528 1509 594 1578 quo
614 1509 686 1554 eam
706 1483 807 1554 Solon
823 1510 973 1580 egressus
988 1502 1046 1556 est

173 1618 183 1664 ι
197 1591 231 1664 5.
242 1591 354 1680 Quam
370 1615 470 1686 porro
483 1589 665 1660 industrius
677 1577 942 1677 Themistocles³,
956 1594 1013 1686 qui
1028 1597 1180 1664 maxima·

116 1725 190 1770 rum
202 1723 317 1768 rerum
331 1720 412 1767 curn
426 1696 609 1784 districtus,
621 1697 769 1766 omnium
783 1711 894 1765 tamen
906 1698 1027 1767 civium
1043 1724 1179 1770 suorum

116 1807 252 1876 nomina
266 1805 424 1872 memoria
439 1802 705 1897 comprehendit,
718 1827 778 1896 per
792 1827 1019 1898 summamque
1033 1806 1181 1900 iniquita·

117 1928 180 1984 tem
192 1912 304 2007 patria
314 1907 445 2005 pulsus,
461 1922 496 1978 et
508 1908 550 1978 ad
561 1911 725 1996 Xerxem,
741 1933 840 2003 quem
855 1908 1042 2002 pauloante
1056 1911 1181 1981 device·

119 2034 183 2104 rat,
196 2017 381 2112 confligere
394 2029 547 2102 coactus,
560 2017 752 2111 priusquam
767 2016 801 2082 in
817 2030 1030 2109 conspectum
1046 2017 1116 2110 ejus
1129 2043 1180 2086 ve·

119 2126 218 2209 niret,
235 2123 369 2218 persico
382 2123 525 2192 sermoni
541 2146 575 2192 se
588 2120 783 2208 assuefecit3
803 2135 839 2190 ut
857 2119 970 2190 labore
984 2136 1079 2216 parta
1094 2147 1180 2192 oom-

118 2231 344 2315 mendatione,
360 2229 457 2322 regiis
470 2227 604 2296 auribus
617 2225 809 2300 familiarem
824 2242 858 2296 et
876 2242 1041 2297 assuetum
1060 2253 1177 2298 sunum
1200 2277 1202 2284 ·

118 2339 203 2408 vocis
218 2323 432 2404 adhiberetll

172 2443 228 2514 16.
246 2441 356 2534 Cujus
377 2443 547 2534 utriusque
565 2440 733 2510 industrie
751 2440 880 2510 laudem
904 2441 971 2510 duo
993 2467 1086 2537 reges
1104 2467 1178 2538 par-

118 2553 164 2618 titi
185 2563 286 2634 sunt,
307 2533 436 2640 Cyrus⁵
453 2547 602 2615 omnium
621 2544 762 2616 militum
783 2571 918 2617 suorum
937 2549 1093 2636 nomina,
1116 2552 1179 2618 Mi-

116 2656 276 2726 thridates
294 2653 435 2722 duarum
454 2667 487 2722 et
507 2655 621 2748 viginti
642 2654 808 2747 gentium,
827 2679 900 2747 quae
915 2655 977 2724 sub
995 2679 1098 2749 regno
1109 2659 1179 2749 ejus

118 2917 193 2960 tanta
204 2900 374 2956 manuum
385 2894 518 2949 emulatio
530 2905 555 2944 et
569 2909 626 2944 cer·
669 2900 781 2960 spectum.
791 2887 843 2939 Alii
856 2891 880 2939 in
893 2899 1032 2958 conspectu,
1042 2888 1113 2960 quod
1124 2908 1178 2944 non

119 2999 228 3048 tamen,
249 2998 297 3034 nec
313 2979 396 3032 solnm
416 2973 573 3028 athletarum
593 2968 626 3022 de
671 2965 947 3021 minuareetedioitur.
956 2967 1045 3020 Motus
1053 2967 1179 3022 adloeum

115 3064 223 3120 viribus
237 3077 361 3130 corpore.
670 3046 818 3100 easuetiam
825 3049 1180 3110 sexto,uteonu·amotnsio

160 3134 448 3198 1.Sotm.cie.incat.
462 3135 498 3198 ὓς
509 3131 627 3186 Stobeus
670 3127 729 3179 loeo
736 3143 796 3178 casu
808 3125 886 3178 etiam
899 3136 1009 3196 quarto,
1018 3124 1179 3196 designatur.

115 3243 195 3279 serm.
215 3237 270 3290 293
285 3218 361 3272 Plato
377 3217 404 3268 iu
418 3213 532 3266 Lachete
549 3223 577 3264 et
593 3207 627 3264 de
670 3239 711 3248 -
727 3205 847 3259 Sermone.
866 3203 983 3268 Quidam
1002 3209 1111 3258 sermoni.
1128 3207 1180 3262 Sed
1263 3275 1265 3280 ,

117 3323 172 3376 rep.
187 3323 215 3373 7.
231 3296 313 3371 Apud
324 3292 570 3364 Platonemlegitur,
579 3290 627 3342 So·
670 3283 725 3340 vid.
741 3285 805 3339 Ces.
816 3284 852 3337 de
863 3284 936 3338 Bello
949 3284 1021 3338 Gall.
1035 3285 1085 3350 1v,
1105 3305 1138 3350 1,
1153 3301 1180 3341 et

116 3387 206 3437 lenem
213 3381 293 3434 etiem
304 3374 465 3430 ennuinibus
480 3371 627 3444 prestitisse
671 3384 737 3436 quor
751 3365 843 3418 Duker
857 3365 920 3418 citat
934 3362 968 3416 nd
983 3364 1053 3418 Flor.
1068 3366 1097 3431 1,
1114 3359 1140 3434 r,
1152 3387 1180 3438 7,

115 3465 162 3516 illa
177 3445 314 3515 artetes—
328 3455 449 3508 Versibus.
465 3451 585 3523 Γηράσκω
601 3447 627 3502 d·
713 3444 1179 3508 4.Adliberet.1.e.erlliiberet.Curt

115 3545 155 3597 dri
167 3541 248 3594 πολλὰ
262 3533 453 3606 διδασκόμενος.
672 3525 723 3590 lx,
738 3546 770 3590 a,
786 3525 838 3589 25;
851 3524 920 3577 Plin.
930 3525 957 3590 1,
967 3541 1009 3595 ep.
1022 3523 1067 3576 25.
1077 3525 1181 3598 Cuique

156 3641 184 3675 a,
205 3621 303 3672 Erexit.
317 3616 392 3686 Pigh.
408 3611 492 3666 edidit
508 3615 627 3680 en'geret,
672 3605 798 3676 gentiana
808 3605 897 3674 lingue
907 3604 935 3656 iu
948 3604 1043 3674 pretio.
1053 3603 1180 3658 Hiucno·

115 3700 190 3773 quod
210 3700 236 3752 ei
258 3694 407 3752 laciendum
426 3691 580 3756 videbatur,
598 3701 629 3741 ut
672 3697 698 3738 tn
713 3684 833 3738 :animos
848 3696 998 3736 exteruntur
1019 3681 1090 3736 haud
1107 3685 1182 3738 facile

113 3781 211 3834 melius
223 3774 396 3850 responderet
404 3773 464 3828 roci
476 3791 561 3842 quum,
578 3787 628 3841 pro
673 3763 817 3828 devinciri,
832 3762 884 3815 uiri
892 3763 997 3814 vinculo
1005 3761 1051 3814 illo
1060 3761 1182 3818 humanat

113 3879 184 3932 qiu,
200 3872 231 3912 nt
243 3855 318 3910 MSS.
334 3855 452 3927 plerique
464 3851 575 3914 habent,
586 3853 628 3922 qui
673 3843 818 3907 societatis,
828 3843 915 3913 lingua
926 3840 986 3894 dieo
995 3842 1180 3897 conciliatrice.

111 3938 264 3992 Torrentius
274 3935 368 3989 maluit
381 3945 408 3986 et
417 3931 543 4002 reposuit.
715 3925 739 3976 ⁵.
762 3923 847 3995 Cyrus.
865 3921 930 3975 vid.
949 3921 1016 3973 Plin.
1036 3922 1109 3980 vlt,
1129 3929 1179 3986 ²43

158 4021 187 4074 3.
205 4015 380 4071 Themistocles.
400 4013 456 4066 cie.
473 4011 500 4064 in
515 4011 575 4063 Cat.
591 4025 627 4077 7;
673 4005 761 4067 XXV,
785 4021 819 4066 η
838 4001 961 4073 Xenoph.
982 3997 1122 4071 Cyroped.
1139 4001 1181 4064 V;

111 4101 187 4153 elui.
202 4110 230 4150 et
240 4097 328 4167 Nepos
338 4095 364 4147 in
378 4093 440 4156 rit.;
449 4090 560 4156 Quintil.
573 4089 628 4150 xl,
669 4085 766 4148 Quint.
780 4083 836 4147 xl,
849 4101 877 4144 n,
889 4081 941 4144 5o;
955 4079 1038 4131 Solin.
1049 4097 1079 4147 73
1092 4080 1180 4132 Aurel.

113 4201 149 4244 a,
172 4179 218 4230 50.
234 4173 358 4245 'llrucyd
372 4175 401 4237 1,
424 4169 560 4226 38.-1n
576 4186 630 4218 ron·
675 4164 744 4216 Vict.
759 4166 812 4233 763
829 4161 898 4215 Gell.
912 4157 1010 4221 XVII,
1030 4175 1078 4230 ης
1094 4159 1181 4217 Arum.
