3110 5134
290 518 385 588 CAP.
414 520 456 588 V.
484 519 546 586 DE
574 517 793 590 SUPERBIA
819 521 876 587 ET
902 520 1055 588 IMPOT.
1134 519 1179 600 16

138 651 264 747 lippum
279 649 468 737 consulem,
481 653 558 746 quio
572 649 738 720 interfari¹
755 652 1005 721 concionantem
1020 677 1119 724 ausus
1135 654 1205 724 frte·

139 773 205 844 rat,
226 758 361 828 obtorta
380 758 477 852 gula,
498 759 682 852 etquidem
705 783 771 826 non
792 783 851 852 per
872 761 1048 848 viatorem,
1070 761 1126 830 sed
1146 787 1206 856 per

139 864 292 936 clientem
317 889 435 950 suum,
462 864 545 934 adeo
566 863 727 934 violenter
751 867 786 932 in
809 889 975 934 carcerem
1003 871 1228 963 praecipitem·

138 973 262 1066 egisse,
291 985 329 1040 ut
354 971 478 1041 multus
502 995 522 1040 a
547 971 681 1041 naribus
706 971 776 1064 ejus
800 997 901 1042 cruor
921 974 1205 1066 profunderetur:

139 1104 254 1148 verum
274 1080 393 1164 etiarn,
411 1101 513 1174 quum
533 1094 666 1148 senatus
684 1077 726 1146 ad
749 1103 825 1147 cum
846 1081 1006 1168 misisset,
1033 1095 1070 1150 ut
1092 1084 1125 1149 in
1144 1107 1207 1151 cu·

139 1187 220 1256 riam
240 1185 392 1254 veniret:
418 1187 535 1276 Quare
554 1209 624 1254 non
635 1191 773 1280 potius,
798 1187 924 1279 inquit,
943 1192 1016 1282 ipse
1032 1193 1068 1255 in
1084 1191 1209 1257 Hosti-

140 1288 242 1361 Ιὶαιη2
257 1297 489 1388 propinquam
509 1298 645 1377 rostris,
666 1291 705 1360 td
722 1307 791 1377 est,
816 1293 867 1361 ad
882 1317 950 1379 me,
972 1295 1094 1362 ueot't?
1114 1298 1208 1388 Piget

141 1398 281 1492 adjicere
304 1398 394 1491 quod
421 1401 568 1492 sequitur
589 1424 596 1467 :
621 1399 775 1468 tribunus
796 1413 929 1468 senatus
949 1402 1125 1496 imperium
1145 1401 1206 1471 de-

141 1506 264 1599 spexit3
283 1519 416 1572 senatus
433 1505 558 1573 tribuni
578 1505 687 1574 verbis
703 1507 821 1600 paruit.
1020 1491 1026 1505 Χ

194 1609 226 1680 3.
251 1613 314 1679 Cn.
335 1625 444 1680 auteur
463 1597 660 1706 Pompeius³
680 1636 777 1705 quam
800 1607 993 1680 insolenter!
1013 1614 1070 1706 qui
1089 1612 1208 1684 balneo

141 1741 308 1810 egressus,
329 1732 406 1785 ante
427 1716 527 1810 pedes
548 1743 624 1786 suos
641 1732 845 1812 prostratum
864 1719 1043 1812 Hypsaeum
1066 1721 1209 1792 ambitus

142 1849 253 1908 reum,
274 1837 309 1891 et
329 1823 474 1892 nobilem
494 1827 619 1912 virum,
638 1840 671 1894 et
689 1825 750 1892 sibi
769 1826 931 1910 amicum,
948 1826 1115 1918 jacentem
1134 1825 1209 1895 reli·

140 1932 228 2024 quit,
255 1930 495 2000 contumeliosa
520 1956 604 2000 voce
630 1930 880 2026 proculcatum
904 1931 1004 2000 Nr'lu'l
1025 1935 1111 2000 enirn
1133 1958 1209 2004 eum

140 2037 241 2106 atad
251 2033 370 2131 agere,
387 2061 491 2132 quum
505 2053 544 2106 ut
555 2043 738 2106 convivium
750 2061 846 2106 suum
858 2055 1059 2125 moraretur,
1078 2065 1208 2134 respon·

140 2143 205 2232 dit;
226 2158 262 2211 et
281 2145 379 2238 hujus
401 2143 481 2212 dicti
501 2147 671 2229 conscius,
698 2169 832 2212 securus
855 2145 966 2213 animo
990 2169 1121 2214 coenarc
1145 2172 1208 2240 po-

140 2252 221 2318 tuit:
246 2248 300 2318 ille
322 2275 402 2318 vero
428 2253 526 2319 etiarn
555 2252 588 2318 in
615 2251 688 2318 foro
713 2275 779 2318 non
808 2251 940 2318 erubuit
964 2253 999 2318 P.
1019 2253 1207 2346 Scipionem

138 2342 315 2426 socerum⁴
342 2381 437 2425 suum
465 2356 593 2450 legibus
619 2357 773 2440 noxium,
803 2382 884 2450 quas
910 2359 978 2454 ipse
1005 2358 1144 2444 tulerat,
1175 2363 1208 2429 in

140 2466 283 2532 maxima
306 2463 437 2556 quidem
456 2487 588 2532 reorum
605 2477 637 2532 et
651 2461 826 2531 illustrium
842 2466 952 2549 ruina,
972 2467 1117 2534 muneris
1134 2464 1208 2535 loeo

143 2593 161 2636 a
170 2569 339 2662 judicibus
354 2569 549 2664 deposcere,
567 2568 723 2638 maritalis
738 2569 812 2637 lecti
827 2568 992 2638 blanditiis
1006 2587 1127 2640 statum
1147 2573 1207 2640 rei·

142 2675 281 2770 publicae
300 2674 525 2770 temperando.

185 2863 208 2896 1.
218 2844 343 2910 interfari.
354 2842 398 2894 Sic
405 2861 436 2894 ex
444 2841 556 2896 Winch.
565 2854 591 2894 et
597 2841 655 2894 eliis
698 2842 733 2893 ad
739 2861 787 2902 nte,
803 2845 882 2902 venit,
892 2853 1024 2910 tamquam
1032 2842 1145 2911 glossam
1156 2846 1209 2914 eje-

147 2921 252 2992 Pigbius
273 2923 416 2976 revocavit.
438 2920 509 2973 Vide
532 2921 654 2984 Livium,
698 2921 849 2984 cit,invitis
860 2919 938 2972 codd.

147 3001 275 3068 XXXV13
291 3003 362 3055 Ptin.
378 3001 453 3072 epist.
470 3001 571 3053 XXIII.
588 3001 654 3067 Qui·
740 3002 766 3053 3.
779 3001 931 3068 Pomponius.
945 3002 995 3052 An.
1006 3000 1041 3052 U.
1055 3019 1118 3070 7⁰¹·
1131 3001 1202 3055 Plut

145 3079 204 3134 dana
226 3082 384 3152 interpellare.
404 3081 493 3133 Minus
516 3082 594 3132 bene.
619 3112 655 3123 -
698 3080 726 3132 in
746 3080 794 3132 vit.
810 3081 919 3149 Pomp.;
936 3080 1020 3131 Cicer.
1033 3097 1084 3150 pro
1102 3080 1204 3136 Flacco.

147 3162 276 3214 Vnum.
286 3161 548 3226 QnainreValerius
557 3159 655 3214 dissen-
699 3191 738 3202 -
747 3159 875 3230 Hypseus
887 3159 914 3210 iu
927 3177 1002 3212 causo
1016 3159 1136 3230 Pompeii
1151 3161 1206 3213 val-

144 3242 175 3294 tit
186 3261 200 3294 a
213 3243 303 3294 Floro.
699 3237 732 3291 de
741 3240 918 3302 laboraverat,
931 3251 960 3290 ut
970 3239 1125 3292 Ptolemaeus
1135 3242 1208 3293 resti·

180 3344 204 3375 a.
222 3321 364 3374 Hostiliam.
375 3321 450 3374 Hanc
462 3319 604 3372 Hostilium
617 3337 656 3370 re·
699 3317 1206 3389 tuendusPotnpeiodecernereturvid.

142 3419 200 3472 geru
213 3401 358 3456 edificasse
374 3401 464 3452 asserit
480 3401 581 3462 Varro,
596 3417 655 3468 qun
699 3400 754 3452 Cic.
768 3398 802 3451 ad
819 3400 923 3452 Lentul.
941 3397 992 3450 Sed
1012 3398 1153 3470 Pompeius
1169 3413 1207 3453 ta-

141 3479 239 3534 deinde
249 3482 356 3535 irrcensa
365 3494 403 3533 est
415 3480 586 3534 tumultuario
597 3479 656 3532 Clo·
698 3499 759 3531 rnen
767 3479 912 3552 supplicem
920 3481 1032 3531 amicum
1040 3481 1209 3552 nobilemque

140 3559 180 3614 dii
190 3581 267 3633 rogo.
279 3561 312 3614 In
322 3560 413 3614 rostris
423 3579 477 3613 non
491 3560 656 3612 habebantur
698 3561 786 3612 virum
801 3560 914 3630 superbe
928 3558 1086 3628 repudiavit.

139 3653 245 3694 tautum
255 3641 413 3704 conciones,
421 3639 467 3693 sed
475 3640 554 3692 etiam
565 3637 656 3692 seden·
741 3647 766 3702 4.
777 3640 896 3692 Socerum
911 3640 1038 3691 Defuncto
1052 3639 1068 3690 J
1071 3640 1123 3691 ulia
1131 3679 1139 3702 ‚
1148 3653 1209 3694 ente

138 3733 180 3774 tes
203 3723 241 3774 ibi
265 3722 431 3792 magistratus
450 3723 492 3792 jus
517 3718 655 3784 dicebant,
699 3720 852 3782 biennium,
867 3737 946 3790 quam
962 3720 1017 3789 ipse
1029 3721 1210 3790 exstinguere-

137 3802 350 3872 ferebanturque
362 3797 461 3854 ibidem
476 3797 609 3852 interdum
622 3800 657 3851 le·
700 3812 744 3851 tur
756 3800 907 3870 Pompeius,
916 3800 1065 3850 Corneliam
1077 3800 1210 3870 Scipionis

135 3901 193 3951 ges.
220 3879 284 3934 vid.
306 3882 467 3944 Manlianus,
488 3880 541 3942 111,
564 3883 591 3932 6.
617 3911 657 3922 -··
699 3879 844 3932 consularis
863 3879 944 3932 liliam
970 3879 1139 3930 matrimonio
1160 3879 1211 3932 sihi

134 3963 176 4014 ld
191 3974 244 4021 est,
261 3962 297 4012 ad
311 3981 363 4023 me,
378 3964 453 4014 uenit.
472 3957 590 4024 Quidam
607 3977 657 4030 pro
698 3961 794 4029 junxit.
810 3958 874 4010 Vid.
892 3959 986 4011 Vellei.
999 3959 1043 4018 11,
1060 3959 1110 4014 55,
1128 3977 1154 4009 a.
1169 3988 1210 4002 -·

134 4041 169 4094 td
186 4054 222 4092 est
236 4041 337 4094 habent
350 4041 428 4102 idem
447 4038 492 4092 sed
511 4051 604 4091 nostra
619 4039 658 4091 le·
705 4041 875 4110 Temperando.
886 4037 1215 4090 Perizonmolittemeran·

132 4121 238 4176 ctione
259 4122 380 4192 superbe
401 4121 472 4173 vocis
493 4119 571 4172 Drusi
589 4117 658 4171 indi·
701 4120 741 4180 do,
751 4119 778 4171 id
786 4116 1036 4189 est,corrumpendo
1046 4115 1211 4171 etviolando.

134 4203 232 4274 gaitae
242 4202 326 4274 tnagis
339 4201 433 4256 elucet.
446 4200 557 4274 Culmus
567 4199 595 4252 id
604 4211 655 4263 est,
702 4199 756 4254 Sed
770 4200 906 4270 vulgatum
927 4200 995 4250 bene
1011 4197 1099 4249 babet.
1118 4197 1213 4250 Sensus

976 4327 988 4374 1
1003 4328 1012 4372 t
1030 4301 1040 4328 ²
