3110 5134
399 501 447 570 82
569 498 792 566 VALERII
827 496 1031 563 ΜΑΧΙΜΙ
1059 497 1156 564 LIB.
1186 497 1301 566 VIII.

399 647 503 700 tatum
524 645 613 713 erat;
636 632 673 696 L.
688 627 778 698 Sulla
798 653 873 697 cum
891 628 1038 696 exercitu
1056 629 1090 694 in
1107 628 1223 696 urbem
1242 631 1461 724 irrumpente,

399 738 440 806 ad
454 735 609 805 auxilium
627 759 796 803 servorum
810 731 895 828 pile¹o
908 731 1055 802 sublato¹
1072 733 1237 828 confugit:
1255 737 1364 829 itaque
1379 736 1460 806 dum

398 844 546 926 facinus,
565 839 653 934 quod
677 841 846 935 punierat,
870 839 1037 924 imitatur,
1062 837 1229 908 alterum²
1253 842 1417 928 Marium,
1440 867 1458 910 a

395 975 463 1043 quo
483 947 701 1042 affligeretur,
717 946 851 1014 invenit.

451 1053 482 1123 3.
496 1055 534 1123 C.
550 1077 629 1121 vero
644 1052 790 1121 Licinius
801 1049 892 1120 Stolo
901 1035 924 1136 ³,
935 1050 1029 1141 cujus
1045 1049 1206 1120 beneficio
1222 1049 1309 1146 plebi
1324 1053 1456 1147 petendi

395 1158 601 1230 consulatum
629 1171 773 1252 potestas
796 1155 885 1225 facta
905 1170 975 1242 est,
1000 1180 1102 1248 quum
1121 1153 1192 1250 lege
1217 1159 1393 1246 sanxisset,
1413 1184 1456 1228 ne

392 1271 468 1361 quis
483 1267 630 1361 amplius
644 1287 749 1358 quom
762 1267 948 1356 qru'rrgento
961 1261 1174 1355 agrijugera
1182 1263 1389 1356 possideret,
1405 1265 1454 1361 ip·

393 1397 427 1440 se
448 1369 535 1440 mille
553 1370 780 1464 comparavit;
800 1364 1090 1460 dissimulandique
1109 1369 1255 1438 oriminis
1275 1371 1381 1462 gratia
1401 1370 1453 1439 di-

392 1476 525 1546 midiam
542 1489 670 1570 partem
685 1473 752 1542 filio
770 1460 1011 1567 emanoipavit⁴
1026 1496 1033 1539 ε
1051 1495 1150 1565 quam
1166 1474 1211 1542 ob
1225 1498 1358 1544 causam
1373 1500 1392 1544 a
1405 1478 1452 1546 M.

390 1581 517 1678 Popilio
532 1584 666 1650 Iiaenate
680 1593 869 1664 accusatus,
884 1579 1009 1672 primus
1024 1601 1083 1646 sua
1097 1575 1169 1672 lege
1183 1579 1322 1665 oecidit3
1340 1605 1380 1650 ao
1393 1581 1451 1651 do-

389 1691 476 1775 cuit,
497 1686 577 1756 nihil
592 1685 680 1756 aliud
702 1685 836 1780 praecipi
854 1683 996 1769 debere,
1018 1685 1079 1750 nisi
1101 1683 1190 1777 quod
1204 1687 1297 1778 prius
1315 1688 1452 1782 quisque

389 1795 450 1862 sihi
473 1793 692 1888 imperaverit.

441 1904 474 1986 4.
493 1901 538 1988 Q.
561 1913 672 1968 autem
694 1899 815 1968 Varius
829 1883 852 1984 ⁵,
877 1911 1013 1992 propter
1036 1897 1214 1967 obscurum
1234 1899 1288 1991 jus
1309 1901 1450 1968 civitatis

386 2005 545 2100 Hybn'da
568 2004 839 2099 cognominatus,
860 2003 1011 2072 tribunus
1033 2002 1138 2098 plebis
1160 2002 1266 2099 legem
1290 2005 1449 2075 adversus

383 2113 649 2182 intercessionem
664 2106 864 2203 collegarum
880 2109 1085 2203 perrogavit,
1098 2133 1170 2204 quae
1180 2109 1317 2203 jubebat
1328 2115 1448 2204 quaeri,

382 2243 523 2312 quorum
542 2215 622 2284 dolo
637 2216 729 2284 malo
747 2220 834 2284 socii
844 2214 897 2284 od
911 2238 1010 2283 arma
1030 2220 1079 2282 ira
1093 2222 1213 2284 coacti
1224 2233 1352 2302 essent,
1377 2239 1448 2286 ma-

384 2349 448 2418 gna
467 2347 542 2392 cum
561 2318 653 2390 clade
670 2319 880 2415 reipublioae3
895 2304 1033 2389 sociale⁶
1045 2322 1133 2390 enim
1153 2323 1261 2416 prius,
1272 2321 1394 2390 deinde
1407 2325 1450 2391 ci·

383 2427 447 2498 uile
464 2426 590 2496 'bellum
604 2427 781 2514 excitarim
796 2425 853 2495 sed
871 2425 950 2493 dum
968 2439 1045 2494 ante
1064 2425 1256 2519 pestiferum
1275 2428 1447 2498 tribunum

424 2635 449 2669 r.
469 2614 577 2668 Sublato.
590 2611 694 2666 Scilicet
706 2613 734 2666 in
748 2613 845 2679 altum,
859 2625 889 2664 ut
975 2612 1000 2664 5.
1021 2613 1120 2665 Varios.
1144 2615 1175 2664 Α.
1197 2614 1231 2665 U.
1253 2616 1320 2666 662.
1342 2614 1401 2668 Cic.
1420 2616 1447 2668 in

379 2697 527 2749 lssrertatem
540 2692 712 2764 promitteret.
932 2691 1023 2756 Brut.;
1042 2691 1155 2762 Appiam.
1169 2691 1228 2746 civ.
1238 2693 1260 2746 1.
1270 2725 1309 2734 —
1318 2693 1446 2764 Hybrida.

423 2795 449 2828 ι.
470 2773 588 2826 Alteram.
611 2771 710 2824 Sullam
735 2783 817 2844 puts,
841 2771 887 2842 qui
932 2771 974 2822 An
988 2771 1148 2824 contumelia
1161 2770 1197 2824 ita
1210 2771 1380 2836 invocatus,
1395 2771 1447 2825 du-

380 2853 450 2908 idem
465 2854 576 2916 laceret,
592 2850 665 2923 quod
684 2851 783 2904 Mariua
797 2851 887 2902 Satur·
930 2849 1446 2918 bitarerurrtnonnulli.Plin.lih.V,52,

376 2937 451 2988 uino.
468 2935 500 2987 A.
517 2933 552 2985 U.
567 2933 632 2984 665.
930 2925 1081 2982 desuibus:
1099 2929 1319 3000 «Inndlogmm
1327 2935 1447 3003 oeqoeso·

418 3016 444 3068 3.
461 3013 537 3064 Stolo.
554 3013 585 3064 A„
600 3011 634 3062 U.
653 3009 801 3078 8965Liv.
817 3009 885 3073 vu,
930 3007 1097 3060 sidoniorum
1109 3011 1449 3079 cumsoorqualr'ternotos

382 3098 415 3148 16
427 3114 434 3160 3
450 3092 539 3145 Aurel.
558 3091 629 3143 vio.
647 3089 716 3142 Plut.
735 3089 762 3140 in
782 3087 886 3140 Camill.
930 3090 1023 3156 antiqui
1033 3087 1160 3158 Hybrida
1172 3088 1306 3148 tombam
1317 3088 1354 3138 ad
1362 3089 1449 3142 homi.

377 3169 730 3236 &iuramummptin
742 3167 884 3232 xvima.
929 3183 969 3216 nes
988 3185 1092 3239 quoque,
1110 3180 1138 3218 ut
1159 3168 1189 3220 C.
1206 3167 1349 3228 Antonium,
1367 3167 1450 3221 Goe-

418 3259 444 3314 4.
469 3251 644 3317 Emancipwit.
665 3249 825 3315 Emancipato
846 3259 886 3300 est
929 3249 1030 3297 maisin
1045 3247 1169 3298 consulatu
1183 3247 1311 3315 collegam,
1328 3249 1451 3315 appella-

377 3347 425 3401 per
433 3326 613 3396 imaginariam
621 3323 802 3376 venditionem
811 3323 886 3378 addi·
930 3328 992 3376 tione
1008 3327 1159 3378 translato·
1180 3327 1222 3378 Sic
1234 3323 1349 3390 dictum,
1364 3327 1450 3397 quod

376 3401 883 3474 emalimdvelquovismodoalienare,
929 3405 1119 3457 contumeliose
1128 3403 1451 3474 mixtoongutnenatus,

377 3500 403 3539 et
425 3487 453 3538 in
469 3482 576 3537 alterius
595 3485 654 3552 jura
671 3480 823 3544 transferre,
841 3483 883 3536 vel
928 3495 953 3534 et
962 3481 1074 3535 dubium
1083 3497 1161 3548 esset,
1174 3481 1327 3538 audeberet
1336 3489 1449 3539 censeri

275 3612 276 3620 ,
376 3563 534 3618 donootiam
548 3559 619 3614 dare.
633 3561 700 3612 Nam
713 3561 882 3630 qnum'l'aei·
926 3560 1183 3625 ririsrom.‚Badius
1187 3561 1297 3633 judicat.
1309 3563 1452 3620 Homines

376 3660 435 3708 tus,
451 3640 626 3694 Historiarum
645 3640 691 3692 lib.
705 3639 734 3705 l,
754 3657 811 3709 oap.
829 3646 881 3706 πά,
925 3641 996 3692 euim
1008 3641 1088 3694 variis
1100 3639 1185 3694 modis
1194 3643 1316 3712 Hyle-idae
1326 3641 1386 3696 dici
1399 3665 1452 3716 po-

376 3741 438 3778 tom.
456 3721 588 3790 Ill‚pag.
606 3721 656 3784 dd,
674 3731 769 3772 nostro
787 3717 880 3771 editio·
925 3721 1164 3792 tuere,utsiquis
1176 3739 1207 3774 ex
1221 3721 1338 3792 ingenuo
1349 3737 1381 3777 et
1395 3743 1451 3778 ser·
1533 3719 1535 3780 J

373 3805 427 3866 nis,
439 3799 545 3854 scribit:
559 3799 714 3852 «Othonem
724 3798 838 3850 Proculo
846 3797 880 3850 de
925 3817 974 3862 vo,
987 3812 1081 3852 autex
1094 3819 1169 3852 servo
1182 3813 1208 3852 et
1221 3801 1351 3854 libertino
1364 3819 1452 3858 natue
1533 3809 1534 3820 ¹

371 3879 545 3955 partestnium
554 3896 615 3930 cum
624 3877 711 3930 ricino
718 3877 877 3946 ambigenti,
924 3891 999 3930 earet.
1009 3877 1074 3932 vid.
1085 3877 1176 3932 Horat.
1189 3879 1236 3932 lib.
1247 3883 1269 3944 Ι,
1279 3893 1329 3934 sat.
1339 3900 1373 3950 7,
1381 3903 1409 3936 v.
1423 3903 1452 3935 2.
1532 3917 1533 3938 t

368 3967 501 4016 uuiversum
517 3977 601 4026 aprum
622 3959 697 4008 moini
716 3975 760 4006 sua
778 3961 879 4025 pecunia
923 3987 963 3998 -
983 3957 1132 4028 Perrugavit.
1154 3957 1291 4029 Perrogari
1309 3959 1452 4018 dicuntur

368 4055 470 4114 emptum
485 4039 548 4088 dono
567 4036 693 4096 dodum·
718 4035 826 4087 Sueton.
849 4037 876 4087 in
922 4035 1007 4105 leges,
1021 4037 1066 4088 sia
1080 4037 1374 4108 populoaocipinntur.

370 4121 477 4175 Othone
491 4124 524 4180 4,
541 4113 659 4168 eamdem
680 4132 735 4166 rem
756 4133 875 4180 narsus,
962 4117 988 4168 6.
1009 4115 1111 4170 Somolo.
1130 4114 1210 4180 Quod
1232 4115 1341 4171 tandem
1361 4122 1454 4176 Porri.
1530 4113 1531 4150 l

367 4203 523 4268 emuncr'posse
536 4193 609 4248 dixit.
920 4194 994 4258 peius
1009 4193 1104 4248 Strabo
1115 4193 1223 4249 sedavit.
