3110 5134
270 520 384 628 ,can
422 519 478 604 ιι,
506 519 575 586 na
603 518 991 586 eunomianus.
1095 517 1165 604 145

107 651 204 746 gentle
228 651 367 720 curavit.
391 651 545 737 Quatuor
566 646 668 716 millia
690 663 724 717 et
741 649 967 743 septingentos
988 649 1067 720 dirae
1089 675 1167 746 pro-

107 759 291 853 scriptionis
317 755 426 825 edicto
449 753 617 849 jugulatos
644 756 678 822 in
705 752 835 823 tabulas
857 754 1006 849 publicas
1027 756 1165 827 retulit:

107 863 252 934 videlicet
276 887 319 932 ne
338 862 499 931 memoria
521 874 588 929 tam
613 859 777 954 praeclarae
799 863 845 929 rei
864 859 1084 950 dilueretur¹;
1104 888 1165 933 nec

107 983 279 1040 contentus
305 971 340 1036 in
367 991 424 1037 eos
452 968 585 1053 saevire,
612 969 669 1060 qui
697 968 796 1036 armis
821 990 842 1034 a
866 991 901 1035 se
926 967 1169 1057 dissenserant,

107 1207 162 1276 per
181 1177 484 1250 nomenclatorem²
506 1179 727 1273 conquisitos,
747 1179 1009 1274 proscriptorum
1028 1205 1167 1252 numero

107 1288 238 1382 adjecit3
250 1288 408 1357 adversus
419 1283 574 1354 mulieres
587 1309 720 1379 quoque
733 1281 859 1381 gladios
872 1284 1061 1376 destrinxit,
1076 1291 1168 1382 quasi

107 1419 220 1488 parum
248 1392 442 1463 caedibus
411 1416 559 1462 virorum
581 1393 736 1461 sanatus:
754 1391 787 1460 id
812 1416 944 1486 quoque
964 1391 1169 1511 inexplebilis

108 1500 242 1570 feritatis
268 1499 427 1568 indicium
449 1512 507 1568 est.
531 1497 684 1568 Abscissa
702 1499 900 1567 miserorum
920 1500 1065 1630 capitu,
1069 1501 1169 1571 modo

108 1632 169 1676 non
183 1604 316 1675 vultum
334 1629 374 1675 ac
390 1606 542 1699 spiritum
562 1605 753 1691 retinentia,
768 1605 801 1672 in
819 1591 1065 1699 conspectum³
1072 1631 1170 1676 suum

109 1713 216 1782 afferri
232 1710 358 1800 voluit,
376 1727 415 1780 ut
429 1709 533 1780 oculis
547 1708 621 1796 illa,
642 1712 720 1804 quia
735 1735 793 1779 ore
810 1709 901 1779 nefas
921 1725 1012 1799 erat,
1031 1713 1169 1783 mande·

110 1834 161 1888 ret
171 1821 288 1908 Quam
301 1842 403 1934 porro
417 1815 595 1886 crudeliter
607 1841 642 1886 se
654 1818 687 1883 in
700 1817 748 1884 Μ.
762 1816 871 1885 Mario
883 1831 1024 1911 praetore
1034 1804 1168 1914 ⁴gessitl

109 1951 201 2019 <prem
223 1948 366 2019 perora
387 1922 478 2018 vulgi
502 1922 544 1991 ad
570 1908 781 2017 sepulcrum⁵
804 1925 944 1992 Lutatiae
964 1926 1070 2016 gentis
1091 1949 1170 2020 per·

111 2046 270 2116 tractum,
294 2055 363 2100 non
384 2031 476 2125 prius
494 2031 563 2098 vita
586 2031 747 2148 privavit,
773 2053 872 2123 quam
895 2026 1010 2099 oculos
1032 2031 1172 2102 infelicis

110 2152 252 2224 erueret,
269 2151 304 2205 et
316 2135 460 2230 singulas
477 2136 626 2229 corporis
642 2149 752 2229 partes
766 2135 999 2230 confringeret.
1012 2139 1077 2206 Vix
1090 2138 1171 2207 mihi

112 2241 295 2313 verisimilia
316 2265 452 2310 narrare
476 2241 600 2309 videor.
623 2243 668 2309 At
693 2239 748 2309 ille
771 2242 870 2309 etiam
892 2243 940 2310 Μ.
962 2241 1172 2332 Plaetorium,

112 2349 193 2441 quod
212 2349 256 2417 ad
272 2349 343 2442 ejus
361 2346 557 2442 supplicium
577 2347 734 2415 exanimis
753 2346 935 2436 ceciderat,
953 2351 1112 2420 continuo
1129 2349 1175 2418 ibi

113 2457 280 2541 mactavit3
298 2478 406 2522 novus
422 2455 557 2548 punitor
575 2453 827 2540 misericordiae,
841 2453 930 2547 apud
946 2479 1044 2547 quem
1059 2457 1174 2550 iniquo

113 2563 219 2632 animo
239 2559 347 2630 scelus
368 2560 507 2646 intueri,
528 2556 634 2628 scelus
657 2555 831 2626 admittere
851 2558 922 2628 fuit.
942 2560 1006 2628 Sed
1025 2577 1173 2631 mortuo·

112 2691 180 2736 rum
207 2665 335 2735 umbris
362 2664 476 2735 saltem
503 2663 672 2760 pepercit?
701 2665 855 2751 minime,
883 2689 959 2734 nam
990 2669 1028 2736 C.
1055 2669 1174 2754 Marii,

154 2897 330 2948 r.Ditumrur.
340 2895 392 2947 Bit.
404 2893 483 2964 prim.
496 2893 620 2944 deleretur.
671 2893 720 2955 183
735 2893 833 2944 Lucan.
842 2893 879 2954 ll,
895 2893 959 2962 175,
973 2894 1049 2948 Oros.
1062 2897 1112 2962 ΙΠ,
1124 2917 1174 2963 sr;

112 2974 264 3027 Perizonius
271 2972 541 3045 conjicitdr'laberetur,
551 2969 622 3042 quod
667 2971 722 3023 Cic.
737 2969 771 3022 de
782 2972 843 3042 Leg.
860 2972 902 3036 11;
916 2986 942 3025 et
958 2973 1109 3028 Sallustium
1125 2996 1174 3031 no·

110 3053 242 3106 Torrenio
256 3054 316 3107 setis
328 3051 437 3105 arridet.
666 3063 727 3103 strae
740 3049 925 3116 collectionis,
941 3071 998 3124 pag.
1014 3056 1078 3108 118.

153 3151 179 3186 s.
199 3133 411 3186 nomenclatorem.
432 3131 621 3184 Nomenclator
706 3129 731 3182 5.
745 3129 891 3200 Sepulcrum.
906 3132 994 3185 Catuli
1008 3133 1111 3206 nepotis
1124 3137 1173 3189 sui.

112 3210 219 3278 dicitur,
232 3210 619 3285 quinominsciriumtenens,
665 3209 789 3274 Caravis,
811 3222 842 3263 ut
862 3229 911 3281 per
933 3211 1034 3283 singula
1055 3217 1175 3269 memhra

113 3288 620 3365 etprincipihnsperurbeminceden·
663 3302 821 3342 moreretur.
847 3289 913 3344 Fere
936 3309 1028 3346 omnes
1049 3305 1176 3364 tyrannos
1215 3331 1217 3333 -

113 3372 181 3425 ribus
195 3369 259 3435 (aut
281 3371 488 3443 imperatoribus
505 3369 620 3422 militum
664 3368 1177 3447 crudelitatesuperasseetomnempror·

111 3450 406 3524 nominalsubjiciebat‚
411 3463 622 3520 utrmumquem·
665 3467 708 3502 sus
728 3449 920 3503 humanitatem
941 3453 1041 3505 exuisse
1061 3453 1175 3509 videtur.

111 3533 324 3600 quenomiustim
333 3531 485 3584 salutarent.
494 3530 542 3582 llis
550 3528 621 3580 enirn
665 3528 766 3581 Marius
780 3541 868 3582 tamen
879 3530 1006 3583 leviorem
1018 3532 1087 3586 hanc
1097 3534 1177 3587 Sulloe

109 3610 209 3665 artibus
229 3612 364 3684 principes
387 3611 486 3663 civium
511 3608 622 3680 gratiam
666 3609 776 3661 feritatis
799 3608 928 3662 invidiam
952 3629 997 3664 sua
1022 3612 1178 3668 crudelitate

110 3689 337 3744 inirestudebant.
666 3688 736 3740 fecit.
757 3688 877 3760 Uterque
900 3704 1047 3744 monstrum
1069 3693 1180 3748 horren-

153 3771 179 3822 3.
198 3770 280 3824 Suara.
300 3771 331 3822 E.
350 3787 372 3822 e.
391 3768 534 3841 Scipionis,
552 3768 622 3820 Nor·
666 3765 731 3820 dum
746 3769 832 3820 vocari
847 3781 980 3836 meretur,
997 3789 1063 3842 quos
1074 3785 1177 3838 nutura,

108 3849 173 3900 beni
193 3851 357 3921 aliorumque
374 3849 520 3901 multorum
541 3845 575 3902 ad
595 3866 623 3900 se
666 3859 698 3899 ut
706 3845 890 3902 detestandum
903 3851 1015 3922 posteris
1029 3853 1179 3924 exemplum

108 3926 197 3982 delsts
211 3932 297 4002 capita
312 3931 341 3982 in
352 3931 408 4000 ejus
422 3929 489 3981 atrio
499 3927 576 3998 jussit
585 3927 623 3979 sl'·
666 3927 783 3992 sisteret,
798 3926 905 3980 ridetur
919 3947 1077 4002 procreasse.
1089 3933 1180 3984 -Irr-

107 4007 175 4077 θεὶς
189 4009 260 4063 unde
278 4009 373 4062 domus
388 4010 444 4080 ejus
462 4006 630 4062 crudelitatis·
662 4007 853 4074 felicisridarii.
864 4009 958 4079 Copes.
970 4022 996 4061 et
1008 4009 1052 4062 alii
1066 4011 1177 4077 infelices.

108 4087 218 4144 officina
231 4101 271 4144 est
286 4087 424 4161 appellata.
667 4087 714 4148 Sic
722 4087 791 4140 infra
801 4101 851 4140 ext.
866 4106 915 4140 rr:
931 4114 942 4136 ι
952 4089 1019 4141 Cibo
1034 4102 1061 4142 et
1071 4090 1180 4160 potions

157 4173 181 4228 4.
196 4168 284 4222 Gessit.
297 4168 359 4222 vid.
371 4169 461 4223 Senes.
475 4165 509 4220 de
520 4169 563 4220 lra
574 4167 626 4232 ΙΙΙ,
671 4166 802 4221 infelicem
817 4167 939 4238 spiritum
951 4187 1100 4240 prorogare.
1114 4181 1125 4203 ¹

170 4281 217 4349 11.
957 4299 1001 4347 ro
