3110 5134
213 501 317 570 CAP.
346 499 405 585 ll,
432 499 499 566 DE
526 497 778 568 PRIVATIS
804 497 1047 566 JUDICIIS.
1117 523 1160 595 7¹

121 634 222 728 punire
241 629 311 702 eam
333 631 423 724 justo
441 627 555 700 dolore
575 625 774 724 impulsam,
794 627 982 698 sustinebat
1001 629 1164 700 Conside-

121 754 216 807 ranter
233 753 265 808 ct
280 749 451 806 mansuete
469 734 583 832 populi
604 736 733 804 romani
752 737 981 830 magistratus,
999 735 1057 806 sed
1078 759 1166 806 areo

121 845 223 939 pagita
240 869 371 939 quoque
389 867 459 913 non
473 844 583 912 minus
603 843 768 936 sapienter
781 867 791 910 :
804 843 876 936 qui,
889 843 1037 937 inspecta
1050 867 1166 931 causa,

121 965 147 1018 et
163 965 380 1020 accusatorem
397 965 535 1020 stream
553 963 630 1044 post
642 963 774 1018 centum
791 973 896 1018 annos
912 947 954 1018 ad
974 972 1008 1016 se
1024 947 1163 1018 reverti¹

118 1057 287 1149 jusserunt,
309 1057 426 1128 eodem
454 1056 578 1126 affectu
599 1057 702 1141 moti,
722 1079 789 1148 quo
818 1052 1011 1138 Dolabella3
1034 1055 1091 1124 sed
1112 1053 1165 1124 ille

122 1163 331 1234 transferendo
351 1164 587 1259 questionem,
607 1162 643 1232 hi
664 1160 849 1230 differendo
870 1161 1048 1230 damnandi
1068 1176 1166 1255 atque

121 1267 291 1342 absolvendi
310 1266 592 1366 inexplicabilem²
607 1268 852 1340 cunctationem
868 1267 1052 1338 mutabant.

469 1521 700 1613 CAPUT
741 1522 805 1610 ΙΙ.

192 1757 239 1824 De
249 1757 403 1852 privatis
413 1754 556 1846 judiciis
575 1753 782 1850 insignibus,
795 1752 915 1848 quibus
928 1753 1088 1824 damnati·

123 1957 139 1986 r.
149 1943 290 1992 metabus
307 1945 465 1993 Cenmmalrs.
481 1967 512 1980 ·-
523 1957 545 1991 a.
563 1943 660 1991 Otacilia
675 1943 815 1990 burensis.
826 1968 858 1978 -
869 1943 892 1990 3.
910 1944 939 1990 C·
954 1942 1054 1990 Titinius
1068 1943 1167 1990 mintur-

296 2023 382 2070 nensis.
391 2048 424 2059 -
433 2029 458 2078 4.
470 2021 615 2082 Qoidmob
630 2022 686 2084 eqni
699 2031 817 2070 vecturam
827 2022 966 2084 longiorem.

161 2189 295 2262 Publicis
306 2190 436 2286 judiciis
455 2189 604 2284 adjiciam
624 2191 754 2285 privata
760 2175 784 2279 ³,
799 2215 941 2285 quorum
956 2189 1059 2285 magis
1072 2190 1168 2283 aeqni·

121 2309 160 2366 tas
174 2301 391 2392 quaestionum
408 2295 592 2384 delectare,
610 2319 710 2390 quam
724 2297 940 2366 immoderata
954 2295 1052 2366 turba
1065 2295 1168 2365 oslen-

118 2400 181 2472 derc
196 2403 355 2474 lectorem
376 2405 506 2498 poterit.

165 2550 190 2594 1.
209 2527 369 2598 Claudius
387 2512 621 2597 Centumalus⁴
637 2525 679 2593 ab
701 2525 880 2621 auguribus
890 2525 1002 2620 jussus
1023 2524 1165 2594 altitudi-

116 2655 181 2700 nem
199 2634 318 2704 domus
338 2657 420 2720 suae,
436 2656 536 2728 quam
552 2633 587 2700 in
605 2628 710 2700 Coelio
727 2647 841 2702 monte
856 2632 1014 2720 habebat,
1029 2631 1166 2702 submit-

116 2749 193 2827 tere,
210 2742 286 2834 quia
307 2740 359 2808 his
383 2763 424 2808 ex
451 2762 526 2808 arce
548 2737 722 2832 augurium
745 2738 950 2832 capientibus
976 2738 1165 2825 officiebat,

114 2844 252 2914 vendidit
267 2871 339 2915 carn
363 2843 545 2939 Calpurnio
567 2845 731 2932 Lanario,
750 2867 813 2916 nec
827 2842 985 2913 indicavit
1001 2842 1090 2937 quod
1105 2845 1166 2911 im·

155 3065 179 3100 r.
191 3046 238 3100 Au
244 3069 269 3100 se
277 3051 367 3102 most.
378 3046 422 3101 sic
432 3065 524 3100 omnes
535 3044 610 3100 MSS.
654 3045 704 3098 alia
709 3044 812 3117 privata
818 3044 940 3098 exstitere
947 3062 955 3098 ι
962 3045 1067 3115 publica
1073 3042 1108 3097 de
1114 3047 1165 3098 cri·

112 3135 137 3176 et
148 3123 224 3196 edd,
236 3147 302 3180 nnus
313 3127 468 3200 Campensis
482 3126 562 3178 dass
573 3145 610 3178 rc-
653 3123 786 3189 minibus,
805 3123 909 3194 privata
928 3121 963 3176 de
978 3123 1165 3180 controversiis

111 3209 172 3259 mi.
181 3206 259 3261 Unde
267 3207 377 3278 Pighius
390 3206 517 3276 conjecit.
528 3209 613 3258 tareni
653 3203 781 3256 instituta.
788 3201 853 3257 Vid.
861 3201 953 3256 Rosini
960 3203 1052 3274 Antiq.
1058 3223 1087 3276 p.
1097 3207 1163 3260 886.

112 3285 215 3354 ‘glossa
228 3301 318 3341 ortum
331 3305 402 3352 csse,
415 3299 442 3340 et
455 3285 536 3338 adessa
553 3295 611 3336 tau·
653 3315 694 3326 —
709 3283 825 3353 Quorum.
840 3281 927 3336 Scilic.
941 3301 1000 3355 quse
1015 3283 1044 3336 in
1056 3281 1163 3352 judiciis

110 3365 240 3420 turismodo
253 3385 364 3431 smnus,
374 3385 406 3420 eo
417 3363 610 3423 confidentius,
653 3362 822 3429 observator,
847 3362 964 3434 aquitae.
988 3395 1027 3404 -
1057 3363 1164 3433 Quorum

108 3443 175 3514 w!
183 3447 286 3501 Gellius
296 3443 416 3498 eamdem
426 3465 458 3500 cx
469 3456 561 3498 nostro
569 3459 611 3496 re·
654 3445 731 3513 magis
741 3463 770 3494 ac
781 3444 944 3515 quantorum.
958 3444 999 3495 lta
1014 3455 1077 3496 vett.
1094 3445 1164 3516 typis

105 3523 186 3578 terem
192 3525 331 3580 bimorim
337 3527 421 3579 utitur
427 3525 611 3583 rerboadesses
653 3523 768 3594 expressi
782 3535 809 3576 et
819 3521 896 3575 MSS.
907 3520 1006 3576 Brund.
1019 3521 1100 3594 idque
1110 3543 1164 3578 ma

106 3603 210 3658 sednon
218 3604 281 3660 idco
292 3623 398 3660 necesso
406 3603 612 3660 estetNostrum
654 3601 693 3672 gis
702 3602 812 3656 Vorstio
820 3602 907 3672 placet
916 3620 995 3673 quam
1004 3599 1077 3673 quod
1085 3602 1162 3674 Pigh.

106 3681 139 3736 sic
151 3685 294 3756 loquum
305 3685 395 3738 fixisse.
653 3681 770 3754 scripsit,
779 3684 879 3754 oequitas
888 3685 1049 3754 quaerentium.
1054 3681 1164 3736 Iudicio·

141 3761 613 3837 slmpltcabttemldeupojusnul·
654 3780 706 3814 rum
721 3765 820 3833 equitas
834 3765 989 3834 questionum
1003 3774 1042 3816 est
1056 3763 1164 3833 aquitan

104 3841 141 3896 lus
153 3845 304 3899 viventium
317 3845 423 3898 visurus
439 3855 505 3898 esset
520 3843 611 3896 finem.
654 3841 831 3912 quationom
841 3859 900 3912 quse
914 3842 942 3894 in
954 3839 1061 3913 judiciis
1074 3841 1164 3896 obser-

101 3954 138 3966 --
155 3925 299 3978 uuum.
322 3923 432 3995 Pighius
447 3941 454 3975 ι
471 3922 611 3976 uacuus.
654 3919 1164 3992 statuuUnisubstantiroduoalingeni·

138 4005 166 4057 3.
188 4005 300 4056 Privata.
323 4003 457 4070 Quoniam
474 4004 519 4073 jus
541 3999 612 4056 aliud
655 4001 1106 4072 tivocasujrmgiminimeiosolens
1115 4013 1163 4054 est.

101 4081 331 4152 publicum‚aliud
339 4084 473 4156 privatum
482 4082 613 4152 luit‚pro·
697 4087 723 4144 i.
745 4081 910 4134 Centumairu.
925 4083 976 4134 An.
990 4081 1025 4132 U.
1041 4077 1097 4148 559
1111 4080 1164 4134 cir·

100 4175 188 4232 pterea
200 4162 302 4235 judicia
313 4182 419 4238 qnoque
430 4163 479 4218 alia
491 4161 613 4234 publica,
656 4160 729 4218 citer.
744 4161 802 4216 Cic.
817 4161 896 4216 offic.
910 4161 969 4225 111,
985 4163 1029 4212 16.
1048 4189 1087 4200 -
1104 4157 1164 4212 Cal-

962 4253 1005 4335 5l
