3110 5134
380 486 450 556 162
570 487 790 555 VALERII
818 487 1027 555 ΜΑΧΙΜΙ
1055 487 1152 556 LIB.
1181 483 1248 557 lX.

748 714 986 805 CAPUT
1028 715 1112 803 V.-

562 943 609 1006 De
624 942 767 1031 snperbia
784 955 815 1008 et
830 947 1011 1034 impotentia
1029 945 1255 1010 Romanorum.

379 1159 398 1190 ι.
411 1143 443 1188 u.
457 1139 533 1186 ruva
543 1137 620 1185 urcei
630 1153 679 1186 cos.
694 1167 718 1174 -
741 1155 766 1186 2.
779 1141 814 1186 u.
829 1138 889 1186 usu
908 1141 979 1186 orm
999 1141 1088 1186 eruum
1101 1141 1185 1202 presa.
1198 1167 1229 1176 -
1247 1141 1268 1190 s.
1283 1141 1326 1188 cn.
1342 1143 1444 1204 rumpet
1483 1123 1487 1132 ’

643 1219 723 1280 Magni
735 1233 783 1264 cos.
794 1217 816 1263 3.
827 1243 857 1252 -
869 1225 891 1272 4,
905 1220 938 1264 Μ.
948 1219 1044 1264 Antonii
1055 1219 1178 1266 triumviri.

562 1390 611 1453 De
625 1387 769 1478 superbia
784 1397 815 1450 et
831 1388 1013 1474 impotenter
1028 1385 1257 1451 Externorum.

427 1599 447 1630 1.
458 1583 585 1630 Alexandri
596 1584 684 1645 Magni.
695 1605 726 1618 -
734 1595 757 1628 a.
769 1580 851 1628 Xerxis
863 1583 984 1626 tenuem
995 1579 1063 1644 regis.
1072 1605 1099 1616 -
1109 1579 1131 1628 3.
1140 1579 1276 1629 Hannibalis
1286 1583 1359 1628 Puni.
1373 1607 1404 1622 -.

663 1669 685 1716 t.
698 1659 894 1722 Carthaginiensis
906 1668 929 1705 et
942 1659 1054 1720 Campani
1065 1668 1165 1706 uuam.

478 1843 685 1899 SUPERBIA
706 1842 756 1894 ET
777 1839 1041 1892 ΙΜΡΟΤΕΝΤΙΑ
1062 1839 1344 1895 ROMANORUM.

439 2058 468 2104 1.
489 2037 597 2126 Atque
615 2045 654 2099 ut
674 2027 829 2123 superbia
846 2050 978 2120 quoque
996 2040 1030 2095 et
1050 2028 1244 2122 impotentia
1264 2029 1298 2096 in
1315 2033 1445 2126 conspi-

382 2167 446 2212 cuo
456 2151 636 2236 ponantur,
646 2138 693 2204 M.
702 2133 835 2203 Fulvius
842 2131 979 2203 Flaccus
990 2132 1121 2220 consul,
1134 2135 1180 2202 M.
1191 2134 1308 2204 Plautii
1318 2138 1448 2232 Hypsei

383 2246 511 2342 collega
521 2243 541 2332 ¹,
556 2267 657 2338 quum
676 2241 968 2336 perniciosissimas
985 2239 1174 2333 reipublicae
1193 2239 1281 2336 leges
1300 2244 1447 2312 introdu-

385 2366 492 2439 ceret,
507 2351 548 2421 de
564 2351 697 2419 civitate
715 2346 841 2434 danda,
859 2360 893 2415 et
908 2345 949 2414 de
961 2348 1199 2440 provocatione
1214 2348 1254 2416 ad
1271 2348 1450 2443 populum,

386 2483 520 2545 eorum,
539 2459 595 2550 qui
611 2456 777 2523 civitatem
794 2469 923 2522 mutare
940 2452 1136 2541 voluissent,
1157 2479 1243 2549 aegre
1259 2453 1450 2550 compulsus

387 2580 454 2652 est,
473 2578 511 2633 ut
532 2565 565 2632 iu
587 2563 713 2630 curiam
738 2562 884 2645 veniret3
907 2559 1025 2629 deinde
1044 2563 1163 2655 partim
1187 2563 1353 2649 mouenti,
1375 2587 1450 2658 par-

387 2674 447 2740 tim
469 2671 577 2740 oranti
598 2670 742 2753 senatui,
761 2681 797 2735 ut
815 2667 947 2760 incepto
962 2665 1151 2752 desisteret,
1171 2693 1365 2763 responsum
1384 2694 1450 2740 non

387 2777 497 2860 dedit„
517 2776 694 2872 Tyrannici
718 2772 833 2842 consul
858 2774 991 2867 spiritus
1017 2773 1216 2862 haberetur,
1242 2777 1267 2842 si
1294 2774 1452 2846 adversus

387 2909 492 2954 unum
511 2898 697 2953 senatorem
718 2879 907 2950 hoc'modo
930 2903 964 2948 se
985 2880 1155 2974 gessisset,
1176 2907 1242 2975 quo
1260 2879 1400 2952 Flaccus
1419 2885 1453 2950 in

387 2993 488 3061 totius
505 2987 696 3084 amplissimi
713 2986 837 3056 ordinis
857 2985 1098 3054 contemnenda
1117 2988 1286 3082 majestate
1304 3003 1454 3058 versatus

387 3113 446 3166 est.

444 3229 486 3271 20
500 3203 584 3290 Quae
606 3225 624 3268 a
647 3202 694 3268 M.
714 3223 846 3293 quoquc
867 3200 980 3266 Druso
1001 3198 1137 3268 tribuno
1159 3197 1263 3293 plebis
1285 3225 1345 3295 per
1364 3226 1454 3270 sum-

389 3333 478 3378 mam
493 3305 854 3377 contumeliamvexata
868 3301 949 3388 est²;
963 3291 1075 3399 parvi³
1091 3307 1178 3374 enim
1194 3306 1310 3376 habuit
1325 3309 1363 3376 L.
1377 3308 1456 3376 Phi·

389 3535 468 3590 prum
491 3515 611 3588 redigere
632 3515 660 3566 in
681 3513 823 3586 provincie
845 3515 900 3566 sor·
944 3514 1087 3582 impotentia
1106 3525 1159 3579 est,
1176 3529 1229 3586 qur
1247 3515 1306 3586 quir
1323 3513 1374 3568 ribi
1391 3527 1461 3568 tem·

389 3615 477 3659 mem,
497 3609 523 3650 et
542 3597 669 3648 Catonem
690 3595 834 3656 miserunt,
853 3595 900 3664 qui
944 3611 1036 3665 perere
1051 3594 1143 3648 nescit.
1155 3625 1195 3637 -
1208 3594 1320 3647 Creirate.
1332 3597 1385 3660 Ut,
1399 3597 1461 3668 qui·

275 3666 280 3674 ⁴
315 3681 323 3698 ⁵
388 3678 487 3747 regiam
498 3675 638 3748 pecuniam
650 3675 760 3726 Romam
776 3671 900 3746 deporta·
944 3691 1048 3746 cunque
1063 3673 1127 3726 ciris
1143 3693 1268 3728 romanus
1287 3675 1345 3729 fieri
1360 3675 1459 3739 veliet,

388 3768 437 3810 ret.
456 3755 537 3822 Quod
559 3756 605 3808 ubi
623 3757 704 3807 sensit
722 3755 899 3817 Ptolomeus,
944 3752 971 3806 id
986 3755 1009 3806 ei
1023 3773 1126 3825 semper
1136 3755 1234 3808 liceret.

389 3837 474 3890 nimio
487 3835 580 3888 dolore
597 3835 712 3906 percitus
730 3851 833 3886 veneno
848 3835 900 3887 sata
988 3853 1012 3886 r.
1029 3835 1125 3885 Vexata
1143 3847 1186 3888 est.
1200 3839 1250 3888 An.
1266 3835 1300 3886 U.
1315 3839 1381 3890 662.
1396 3835 1462 3888 Liv.

387 3917 525 3990 prevenit.
945 3914 1047 3978 Lxxt;
1061 3915 1462 3988 Ftor.111‚17;supr.v1‚2‚2.

430 4018 454 4051 r.
472 3997 582 4066 Collega.
595 3995 646 4048 An.
657 3994 691 4045 U.
706 3996 771 4048 628.
784 3994 897 4063 Appieu.
986 3995 1012 4046 3.
1035 3995 1117 4048 Parvi.
1137 3996 1177 4048 Ita
1196 3995 1304 4066 Pighius
1323 4015 1356 4048 ex
1378 3995 1462 4048 MSS.

385 4076 579 4131 Civili-M.
586 4075 613 4124 V
611 4075 668 4126 ler.
676 4073 787 4126 Flaccus.
795 4073 897 4125 Horum
942 4070 1034 4126 edidit.
1053 4075 1104 4126 Atii
1121 4095 1219 4145 porum,
1241 4075 1269 4128 id
1285 4087 1338 4140 est,
1351 4094 1406 4129 non
1421 4093 1467 4129 ⁵2-

383 4157 549 4212 consulatum
556 4155 677 4210 meminit
686 4165 713 4208 et
722 4153 800 4208 Oros.
809 4153 844 4215 V,
857 4171 895 4206 rr.
941 4155 986 4220 tir,
997 4153 1088 4208 holuit.
1098 4153 1161 4208 Vid.
1170 4155 1233 4209 Sall.
1244 4155 1260 4207 J
1263 4173 1304 4226 ug.
1319 4157 1365 4220 34.
