3152 5134
1158 529 1208 572 Vi!

160 728 1217 758 mummmwwwwwwmmmmmwwwwummmmmm

191 976 632 1100 neironis
672 918 1172 1097 nennium.

430 1252 934 1290 ----·000—·-—--

161 1401 232 1520 Dr
250 1440 407 1515 editionis
420 1443 519 1536 hujus
533 1443 659 1511 ratione
674 1457 773 1537 atque
790 1443 939 1512 instituto
958 1443 1037 1514 satis
1053 1469 1217 1541 superque

162 1568 272 1638 videtur
304 1568 340 1634 in
367 1567 529 1660 prooemio
550 1563 737 1635 Voluminis
763 1567 941 1660 superioris
969 1593 1039 1638 esse
1066 1569 1217 1640 dictum:

167 1683 253 1784 neque
264 1689 430 1759 habemus
440 1713 590 1775 necesse,
602 1689 629 1758 si
644 1687 754 1757 officia
767 1704 882 1758 nostra
895 1687 1038 1785 probare
1049 1694 1217 1787 potuimus

167 1815 226 1882 vin's
240 1813 380 1884 eruditis
400 1837 439 1882 ac
457 1813 661 1908 principibus
680 1815 715 1880 in
734 1813 800 1882 hoc
817 1790 938 1908 genere
957 1813 1144 1904 literarum,
1162 1833 1219 1904 ut,

163 1959 220 2030 qua
237 1954 321 2007 tunc
340 1939 382 2005 ab
403 1933 494 2006 aditu
512 1935 641 2032 praefati
661 1937 783 2025 simus,
805 1936 920 2006 eadem
938 1935 1000 2008 illis
1015 1993 1025 2026 ‚
1043 1955 1219 2036 postquam

157 2059 267 2132 intrare
292 2059 483 2147 voluerint,
504 2073 594 2128 nunc
615 2074 896 2154 repraesentemus.
920 2063 1006 2132 Nam
1029 2053 1110 2132 nihil
1131 2062 1220 2133 aliud

155 2189 198 2251 est
222 2183 290 2255 hoc
316 2181 498 2252 secuudum
514 2173 704 2282 volumen,
722 2182 784 2251 nisi
808 2182 907 2277 primi
930 2185 1154 2255 continuatio:
1175 2189 1219 2256 ita

155 2320 188 2374 ut
205 2306 351 2377 alterum
376 2331 417 2375 ex
441 2303 545 2374 altero
573 2319 714 2392 nexum,
731 2289 894 2400 amboqire
915 2321 994 2402 apta
1015 2310 1101 2377 inter
1126 2335 1161 2378 se
1187 2327 1220 2379 et

154 2430 351 2501 cohaerentia
373 2427 556 2498 videantur.
576 2429 671 2497 Pn‘us
693 2425 861 2498 Volumen
886 2431 1012 2525 priores
1041 2456 1097 2500 sex
1121 2431 1222 2504 libros

153 2554 273 2626 Valerii
299 2556 439 2624 Maximi
467 2551 720 2649 complectitur:
740 2554 915 2650 septimus,
939 2571 1094 2645 octavus,
1115 2583 1223 2627 nonus
1313 2635 1317 2646 ¹

154 2679 212 2748 hoc
230 2681 457 2750 continentur.
476 2676 670 2746 Addidimus
688 2675 809 2745 librum
826 2676 868 2746 de.
890 2680 1060 2748 nominum
1080 2682 1224 2766 ratione,

152 2804 258 2898 Pighii
290 2801 495 2896 aliorumque
522 2799 685 2870 editorum
707 2801 938 2870 auctoritatem
965 2804 1074 2896 potius
1099 2806 1226 2887 secuti,

151 2953 255 3022 quam
270 2925 361 3021 quod
369 2926 458 2995 hanc
472 2925 642 3020 epitomen
656 2926 757 3019 ipsius
766 2921 889 2994 Valerii
908 2950 978 2994 esse
989 2926 1223 3018 judicaremus.

152 3052 351 3146 Sequuntur
362 3048 486 3118 indices
502 3063 645 3142 quatuor
660 3048 693 3115 in
706 3045 876 3117 Valerium
886 3049 1085 3132 Maxiruum,
1097 3075 1228 3146 nempe,

153 3191 332 3246 auctorum
353 3198 373 3242 a
389 3174 551 3267 scriptore
571 3186 687 3240 nostro
709 3169 940 3259 laudatorum,
959 3172 1228 3268 geographicus,

152 3297 331 3368 historicus
358 3295 520 3390 denique;
547 3305 716 3389 postremo
745 3293 924 3363 verborum
951 3310 984 3364 et
1011 3293 1226 3368 locutionum.
1329 3314 1342 3345 ‚·

155 3420 274 3509 Quam
295 3419 515 3490 accessionem
533 3415 616 3486 adeo
634 3441 702 3486 uon
719 3441 837 3486 vereor
856 3442 898 3486 ue
915 3417 1056 3489 lectores
1075 3445 1228 3516 superva-

154 3567 298 3612 caneam
319 3542 539 3628 arbitrentur,
561 3555 599 3609 ut
627 3541 736 3634 potius
758 3540 800 3608 ab
821 3541 885 3610 hac
911 3556 1005 3636 parte
1035 3542 1133 3613 velim
1158 3570 1228 3614 esse

80 3691 98 3704 ·
153 3666 298 3736 omniuo
327 3689 443 3735 omnes
472 3662 631 3732 editiones
658 3687 757 3756 quam
788 3665 1064 3734 instructissimas.
1093 3669 1228 3760 Neque,

154 3807 195 3860 ut
217 3792 287 3860 hoo
312 3804 409 3876 utar,
432 3791 458 3856 si
487 3787 640 3856 aberrare
670 3810 690 3854 a
717 3785 818 3856 literis
851 3785 958 3858 latinis
987 3788 1028 3857 ad
1052 3815 1174 3884 graecas
1196 3790 1244 3860 ti:

151 3929 273 4000 ceret,
292 3912 434 3984 difficilis
452 3926 535 3980 esset
551 3911 809 3996 demonstratio,
826 3911 907 3980 nihil
928 3912 1028 3982 hodie
1046 3913 1117 3982 fieri
1135 3939 1231 4008 posse

153 4039 201 4108 ab
226 4037 362 4105 homine
388 4049 504 4123 acuto,
528 4034 697 4120 studioso,
725 4032 841 4104 litteris
869 4034 1051 4131 perpolito,
1072 4037 1129 4106 sed
1151 4039 1232 4107 nihil

154 4159 259 4256 quod
271 4163 372 4256 magis
386 4175 514 4254 gratam
533 4157 708 4229 utilitatem
721 4159 860 4246 habeat,
875 4185 975 4255 quam
994 4161 1234 4233 confectionem
