3152 5134
379 503 428 592 46
572 501 793 570 VALERIl
821 501 1025 568 MAXIMI
1063 501 1155 568 LIB.
1184 501 1274 569 vlt.

376 633 603 706 recordationi,
621 632 810 702 subnectam
821 628 844 717 ¹,
865 655 966 724 quum
991 629 1157 700 effusurus
1183 653 1217 700 se
1243 633 1277 700 in
1304 647 1436 702 nostras

375 741 562 836 provincias
580 739 776 809 Parthorum
799 761 856 806 rer
876 737 1032 806 Phraates
1052 737 1239 824 videretur,
1253 739 1436 833 vicinaque

374 849 513 942 imperio
535 846 605 938 ejus
630 845 779 936 regiones
803 843 911 912 subita
934 841 1047 912 indicti
1076 842 1236 914 tumultus
1257 842 1436 914 denuntia-

373 954 464 1021 tione
475 963 705 1045 quaterentur:
718 961 808 1018 tanta
819 949 853 1015 in
863 948 1077 1042 bosphorano
1089 946 1099 972 ²
1112 961 1220 1020 tractu
1231 965 1436 1020 commeatus

373 1059 509 1152 penuria
522 1056 717 1142 incessit,ut
728 1077 784 1124 sex
799 1052 941 1122 millibus
959 1053 1100 1123 denariis
1115 1053 1243 1149 singula
1256 1079 1334 1124 vasa
1353 1056 1436 1142 olei,

372 1162 592 1256 frumentique
610 1158 727 1230 modiis
743 1159 880 1228 totidem
895 1160 1059 1256 mancipia
1075 1161 1352 1255 permutarentrir.
1369 1162 1436 1232 Sed

372 1269 608 1338 amarissimam
622 1279 849 1360 tempestatem
866 1267 1005 1360 Augusti
1022 1251 1132 1350 oura³,
1145 1265 1254 1336 tutelae
1268 1281 1349 1336 tuno
1368 1283 1435 1336 ter·

372 1397 484 1444 rarum
502 1397 641 1456 vacans,
660 1369 803 1466 dispulit.

545 1571 600 1624 DE
623 1569 919 1624 NECESSITATE
944 1567 1260 1624 EXTERNORUM.

430 1757 458 1802 r.
474 1729 686 1802 Cretensibus
697 1727 778 1798 nihil
793 1727 857 1796 tale
869 1726 1008 1822 praesidii
1020 1716 1180 1798 affirlsit⁴t
1193 1731 1249 1823 qui
1261 1730 1434 1802 obsidione

372 1837 499 1907 Metelli
514 1837 556 1905 ad
568 1834 716 1904 ultimam
736 1859 839 1928 usque
855 1835 1028 1928 penuriam
1044 1833 1219 1929 compulsi,
1231 1861 1290 1904 sua
1300 1837 1434 1930 jumen·

371 1959 546 2038 torumque
564 1965 699 2011 suorum
722 1942 816 2010 urina
835 1940 924 2008 sitim
942 1954 1124 2027 torserunt,
1138 1941 1257 2036 justius
1275 1942 1434 2032 dixerim,

371 2075 470 2144 quam
490 2060 733 2118 sustentarunt:
751 2047 827 2140 quia
841 2044 919 2114 dum
933 2047 1020 2114 vinci
1034 2047 1167 2134 timent,
1181 2047 1214 2118 id
1228 2051 1315 2143 passi
1332 2065 1433 2138 sunt,

370 2155 459 2250 quod
477 2179 533 2224 eos
554 2179 596 2222 ne
614 2153 721 2222 victor
739 2151 872 2246 quidem
891 2153 959 2246 pati
977 2153 1145 2245 coegisset.

426 2287 458 2330 a.
473 2259 668 2330 Numantini
681 2271 808 2346 autern,
818 2282 838 2325 a
847 2259 1000 2352 Scipione
1013 2255 1100 2326 vallo
1112 2272 1146 2326 et
1158 2282 1279 2353 aggere
1292 2261 1434 2330 circum-

370 2366 437 2436 dati
446 2353 469 2452 ⁵,
482 2390 585 2459 quum
604 2366 733 2452 omnia,
748 2389 821 2458 quae
840 2363 959 2432 famem
979 2388 1095 2432 eorum
1113 2363 1242 2434 trahere
1258 2381 1433 2460 poterant,

413 2563 875 2634 1.Subneetam.hn.U.eirciter733.
919 2561 1057 2634 Quidquid
1081 2563 1131 2632 sit,
1152 2564 1224 2617 loeus
1246 2583 1302 2618 non
1322 2566 1435 2622 videtur

369 2643 434 2698 vid.
449 2646 555 2698 Sueton.
570 2645 597 2697 in
612 2646 678 2714 Aug.
919 2659 1004 2696 mnus.

412 2745 438 2779 a.
458 2725 620 2794 Bosphorum·
638 2723 774 2794 Bosphorus
795 2723 836 2774 vel
861 2740 876 2773 a
960 2721 986 2774 3.
998 2722 1177 2790 Augurinum,
1187 2723 1435 2796 Augustus,quurn

368 2801 478 2858 serendo
491 2801 875 2868 boredietus,relstransitu
918 2801 999 2853 ismes
1024 2803 1135 2853 Romam
1159 2802 1237 2854 etiam
1255 2807 1434 2874 pervssinet,

369 2883 454 2947 bovis,
463 2880 667 2953 relabsngustis
676 2881 804 2933 meatibus
812 2880 875 2932 bovi
918 2897 1009 2932 omnes
1031 2879 1183 2952 peregrinos
1206 2894 1233 2934 et
1257 2883 1435 2940 servitiorum

368 2963 422 3016 iere
428 2963 532 3034 perviis.
540 2961 614 3014 Alter
620 2961 756 3032 Bosphorus
763 2973 801 3012 est
811 2961 875 3010 thra-
917 2970 1018 3030 partem
1033 2961 1099 3012 urbe
1111 2961 1327 3034 ejecit,exeeptis
1343 2963 1436 3018 medi-

365 3047 428 3094 er'eus
445 3045 518 3114 jnrts
529 3040 703 3112 Byzantium
716 3038 749 3092 de
766 3057 819 3110 quo
844 3039 872 3092 b.
917 3038 955 3090 eis
963 3051 989 3090 et
998 3038 1211 3110 preceptoribus.
1220 3040 1284 3094 Post
1292 3041 1350 3094 hoe
1361 3055 1436 3096 tenr-

367 3123 386 3174 Ι.
400 3141 485 3174 sermo
498 3133 549 3185 est3
562 3121 628 3172 alter
642 3119 780 3171 cmm
791 3117 820 3170 in
832 3117 873 3170 in·
917 3118 1032 3188 pererit,
1041 3132 1071 3171 ut
1081 3137 1136 3170 nors
1148 3119 1278 3172 minorem
1291 3131 1436 3176 aratorum

366 3201 449 3254 troitu
457 3199 561 3271 paludis
567 3197 705 3254 Maeotidis.
715 3229 755 3242 --
762 3197 812 3250 See
819 3197 873 3248 issil-
917 3208 944 3247 et
952 3197 1156 3267 negotiantium,
1166 3217 1244 3270 quam
1257 3201 1353 3270 populi
1364 3203 1437 3256 relt-

366 3279 435 3332 lidus.
449 3279 525 3348 Pipb.
539 3295 618 3350 quem
630 3288 757 3347 sequutus
767 3289 806 3329 est
820 3277 873 3329 Co·
916 3277 960 3346 qui
977 3277 1105 3330 rationem
1116 3276 1232 3332 duceret

365 3359 435 3410 lerus
448 3355 549 3408 edidit:
563 3359 598 3408 uti
608 3377 624 3406 a
633 3354 761 3411 niustria.
772 3356 873 3423 singuiis
958 3361 984 3417 4.
1000 3356 1113 3423 Affislrit.
1126 3359 1176 3410 du.
1188 3359 1223 3410 U.
1234 3357 1302 3411 636.
1318 3359 1437 3428 Livius,

364 3437 420 3489 olei.
441 3435 538 3488 Contra
559 3435 698 3487 lectionem
718 3433 872 3504 Pighisnam
915 3435 1018 3499 rtem
1032 3437 1102 3489 Flor.
1113 3437 1170 3489 111:
1185 3455 1211 3506 7.
1228 3435 1311 3502 Quod
1326 3438 1438 3494 Creten.

365 3527 456 3568 monet
471 3514 608 3578 Veratius,
623 3515 644 3566 si
661 3513 761 3581 angulis
780 3531 871 3566 verum
914 3535 950 3564 ses
973 3514 1121 3568 Mithridati
1136 3517 1229 3570 irrisae
1248 3516 1438 3588 riderentur,

364 3606 446 3659 esset,
465 3611 521 3646 non
543 3593 615 3663 sequi
632 3592 753 3646 debuisse
777 3593 872 3644 roddens
914 3593 1012 3664 pleeuit
1032 3594 1156 3664 injuriam
1175 3597 1255 3650 armis
1282 3597 1438 3655 vindicare.

365 3671 411 3724 sed
425 3673 528 3743 singula.
542 3673 674 3725 Torrenio
683 3689 747 3726 vero
760 3672 871 3724 militias
913 3673 1031 3724 Antonio
1055 3685 1142 3727 sutem
1167 3676 1274 3746 fugato,
1301 3677 1440 3736 Metellus

365 3769 419 3804 non
431 3753 531 3822 placet,
545 3749 617 3822 quod
632 3769 695 3804 erra
713 3749 870 3821 providendi
913 3750 1099 3806 deindetotsm
1110 3753 1441 3830 insulamigneienoqm

364 3832 552 3886 commeatibus
560 3829 593 3882 sd
604 3829 683 3884 daces
693 3831 868 3900 potiusquam
912 3832 1067 3902 populatus,
1081 3834 1180 3888 ineolss
1192 3835 1263 3890 intra
1277 3839 1387 3892 castella
1405 3856 1441 3896 et

364 3910 398 3965 ad
407 3911 504 3964 milites
515 3909 671 3980 pertinuisse
683 3908 812 3962 videatur.
821 3910 869 3963 Pe·
912 3911 992 3962 urbes
1006 3911 1151 3983 redegisti
1167 3913 1271 3969 devicta
1283 3917 1367 3972 Grets
1383 3920 1440 3975 hic

363 3990 610 4059 risoniusetlispp.
623 3989 806 4059 recipiuntur
816 3990 869 4040 mii-
912 3989 1154 4046 Macedonioifilius
1164 3993 1441 4056 Creticsodietusest,
1523 4021 1529 4036 ·

364 4071 437 4131 libus,
455 4067 500 4123 sed
513 4087 563 4139 pro
576 4069 680 4120 mamis
690 4068 783 4120 malint
795 4069 868 4122 deas·
954 4071 979 4121 ⁵.
997 4071 1152 4126 canendae.
1163 4074 1212 4125 An.
1231 4075 1265 4128 U.
1285 4080 1353 4132 620.
1366 4079 1440 4134 Liv.

362 4153 434 4210 rium,
445 4147 517 4220 quod
526 4147 606 4200 habet
614 4147 695 4200 editio
703 4149 866 4202 neemiam.
912 4149 988 4214 Lm
999 4149 1069 4204 Flor.
1082 4153 1122 4216 lt,
1136 4153 1180 4204 28.
