3152 5134
361 503 410 584 ιι,
551 493 774 566 vicsnrr
806 494 1011 562 usxrntt
1043 493 1137 562 ors.
1165 493 1257 561 ιιι.

360 629 655 722 alimentorumque
676 625 830 698 facultate
851 625 1014 713 defectos,
1037 623 1106 694 lora
1129 625 1317 694 necessariis
1339 625 1416 694 vin·
1442 654 1445 663 ·

361 735 511 806 culorum
537 735 649 804 usibus
674 733 855 820 subducta,
879 757 961 826 eque
983 733 1084 802 scutis
1111 730 1273 800 detractas
1300 728 1417 824 pelles,

362 840 501 910 ferventi
526 838 683 910 resolutas
707 864 810 933 aqrm,
833 838 989 908 mandere
1012 835 1151 908 voluisti.
1176 835 1267 926 Quid
1288 834 1367 923 illis,
1392 837 1418 904 si

312 986 320 1002 ·
361 947 572 1016 acerbitatem
591 970 685 1015 casus
706 947 871 1028 intueare,
894 941 1064 1014 miserius?
1079 943 1107 1012 si
1124 943 1344 1012 constantiam
1363 966 1418 1010 re-

365 1055 482 1147 spicias
493 1105 502 1138 ,
515 1050 664 1122 fidelius?
678 1053 753 1144 qui,
769 1077 811 1120 ne
826 1075 846 1120 a
861 1051 1018 1120 Romanis
1036 1049 1270 1135 desciscerent,
1281 1045 1339 1116 teli
1356 1047 1420 1116 cibi

363 1183 484 1252 genere
495 1159 544 1228 uti
558 1159 806 1245 sustinuerunt,
822 1181 924 1250 quum
937 1155 1150 1251 pinguissima
1163 1179 1243 1223 arva
1259 1177 1317 1224 sua
1331 1153 1420 1222 lerti-

366 1262 568 1357 lissimosque
591 1288 726 1358 campos
748 1263 909 1332 moenibus
931 1264 997 1332 suis
1018 1261 1181 1356 subjectos
1205 1261 1420 1329 intuerentur.

365 1371 480 1463 ltaque
502 1371 681 1464 Campanae
702 1368 792 1438 urbis
803 1367 824 1456 ¹,
846 1392 918 1463 quae
942 1369 1096 1462 punicam
1118 1367 1280 1436 feritatem
1300 1363 1423 1434 deliciis

366 1477 432 1544 suis
455 1475 573 1569 cupide
596 1473 697 1562 fovit,
718 1476 752 1542 iu
771 1475 957 1569 propinquo
978 1475 1077 1542 situm
1098 1472 1299 1558 Casilinum,
1322 1469 1424 1540 modo

365 1605 441 1649 rara
461 1582 582 1648 virtute
607 1579 752 1666 clarum,
773 1579 1012 1674 perseverantis
1032 1580 1181 1648 amicitiae
1202 1578 1339 1672 pignore
1363 1577 1423 1657 im·

327 1697 330 1704 ’
367 1687 439 1780 pios
461 1684 575 1755 oculos
592 1685 787 1754 verberavit.

423 1788 455 1860 3.
478 1793 520 1860 In
540 1789 595 1858 illa
616 1790 785 1860 obsidione
809 1804 842 1858 et
866 1789 931 1858 fide
953 1815 1055 1884 quum
1079 1789 1217 1859 trecenti
1237 1789 1426 1858 Praenestini

366 1893 627 1990 permanerent²,
645 1898 770 1984 evenit,
792 1911 828 1965 ut
849 1921 892 1964 ex
914 1896 965 1965 his
986 1895 1119 1989 quidam
1140 1919 1268 1964 murem
1290 1907 1427 1988 captum

369 2001 518 2072 ducentis
536 2003 646 2098 potius
666 2001 807 2072 denariis
825 2001 985 2090 vendere,
999 2027 1099 2096 quam
1117 2002 1186 2096 ipse
1206 1998 1363 2069 leniendae
1378 1998 1427 2068 fa·

368 2109 431 2178 mis
452 2111 555 2202 gratia
573 2133 767 2179 consumere
784 2105 912 2191 mallet3
932 2108 1006 2194 sed,
1022 2107 1139 2195 credo,
1155 2105 1293 2174 deorum
1314 2106 1427 2201 provi·

368 2200 499 2282 dentia³
513 2228 546 2283 et
563 2214 724 2314 vepditori
738 2229 772 2284 et
785 2215 941 2308 emptori,
956 2237 1053 2306 quem
1069 2227 1206 2306 uterque
1219 2211 1428 2293 merebatur,

370 2403 516 2456 cessitatem
548 2405 631 2475 ipsam
656 2407 777 2477 appellnt.
804 2406 878 2458 Non·
920 2405 988 2458 Nam
1014 2405 1119 2458 luxuria
1143 2423 1255 2478 corpore
1281 2417 1307 2458 et
1335 2403 1431 2457 animis

370 2481 439 2534 nulli
448 2481 526 2536 codd.
537 2483 616 2536 cadem
627 2484 770 2537 Cmilinates
779 2485 880 2537 obsidio·
920 2485 1052 2551 enervati,
1062 2486 1107 2556 qui
1118 2497 1194 2537 antea
1205 2484 1297 2537 invicti
1312 2484 1431 2550 lucrant,

372 2581 401 2612 ιιι
415 2561 562 2614 Hannibalis
577 2563 665 2628 clausi,
740 2565 826 2629 desecti
922 2577 985 2617 tunc
1004 2565 1049 2617 vix
1068 2564 1169 2617 militie
1182 2565 1284 2617 labores
1299 2563 1432 2616 sustinue-

370 2641 489 2694 oclut‘stb.
501 2640 552 2695 Sed
565 2661 619 2694 non
634 2643 777 2697 estisrecte
791 2643 880 2696 cott-
921 2657 993 2696 runt.
1005 2675 1045 2685 —
1058 2643 1135 2696 Modo
1155 2663 1221 2697 rara.
1241 2644 1281 2696 ltu
1302 2643 1377 2713 Pigb.
1398 2661 1434 2696 ex

372 2731 439 2771 nates
453 2717 579 2774 (licuntur
590 2722 692 2774 νοὶιιίιιι
702 2723 745 2774 illa
756 2723 880 2786 mandere,
922 2722 1034 2778 Winch.
1045 2721 1102 2776 Col.
1110 2722 1167 2776 Sus.
1176 2736 1203 2777 et
1209 2723 1330 2777 Pulman.
1337 2720 1433 2776 edidit.

372 2799 546 2872 qtrisnpreme
555 2802 683 2872 compulsi
691 2803 844 2856 necessitate
853 2801 881 2856 id
922 2801 1132 2868 Quidam,modo
1144 2821 1232 2856 rarum.
1250 2803 1340 2854 Plures
1352 2802 1436 2854 etiam

372 2879 507 2946 lecerunt,
522 2881 589 2934 bene
600 2900 665 2934 vero
676 2881 743 2936 illud
756 2882 882 2935 tribuitur
923 2881 1075 2934 moderatim.
1085 2881 1237 2934 Perinonius
1246 2881 1352 2951 conjicit
1364 2881 1437 2934 cast-

373 2959 521 3012 uecessiteti
540 2979 588 3032 per
606 2962 828 3033 prosopopoeiam.
842 2992 882 3006 -
924 2962 998 3012 linum
1009 2965 1129 3013 contraria
1141 2964 1232 3012 virtute
1249 2962 1349 3012 clarum.
1363 2961 1438 3013 Tor-

376 3037 516 3092 Obsidione.
524 3043 575 3093 An.
586 3041 622 3093 U.
634 3041 766 3110 ⁵37.Liv.
774 3040 882 3107 xxm,
924 3040 1014 3093 reulus
1028 3053 1115 3094 sutem
1129 3058 1136 3094 ε
1154 3041 1284 3094 Casilinum
1296 3039 1440 3092 roboratum

378 3134 428 3185 ¹93
442 3119 498 3172 Cic.
511 3117 545 3172 de
561 3120 619 3172 Inv.
633 3119 676 3184 11,
691 3123 734 3188 57.
750 3120 883 3172 Catilium
924 3123 1028 3193 obtuse,
1041 3121 1139 3172 clarum.
1156 3121 1244 3192 Kepp.
1260 3117 1344 3172 credit
1362 3119 1440 3170 modo

375 3197 483 3267 prologi
501 3217 516 3250 a
533 3198 631 3250 Cannis
657 3213 824 3271 occuparant.
847 3199 883 3252 Hi
926 3195 1442 3267 mmortumesseexmodsmtum,quotl

376 3293 458 3344 quum
474 3276 617 3328 Poenorum
636 3279 764 3332 exercitus
781 3291 883 3349 partem
925 3279 1046 3349 prefert3
1060 3279 1096 3332 its
1107 3290 1138 3332 ut
1148 3297 1178 3333 ee
1189 3281 1223 3332 sit
1231 3295 1303 3330 mens
1310 3277 1418 3330 Valerii
1431 3296 1440 3330 ε

376 3353 579 3407 bisamoenibus
587 3357 774 3426 propulissent,
782 3357 883 3410 Hanni·
926 3359 1084 3418 Casilinum,
1098 3357 1227 3430 oppidum
1235 3375 1346 3428 pervum
1360 3355 1446 3410 ideo-

377 3431 485 3502 bslipse
491 3432 620 3504 oppidum
629 3434 804 3490 circumsedit.
813 3437 884 3488 Tan·
926 3455 977 3507 qne
993 3436 1155 3498 modestum,
1174 3439 1273 3490 virtute
1286 3449 1376 3491 tamen
1390 3457 1445 3490 sue

379 3507 441 3562 dem
469 3511 533 3565 sorti
558 3516 749 3583 perseverantis
777 3535 823 3568 sus
848 3515 884 3568 ita
926 3517 1448 3588 claromfuit,etCeputcsupcrbamon·

377 3587 551 3644 Hannibalem
559 3593 696 3661 vicerunt,
705 3607 735 3647 ut
745 3613 833 3648 secum
844 3595 885 3666 egi
927 3597 1018 3650 stravit
1031 3615 1090 3668 que
1106 3598 1191 3650 lucere
1202 3595 1342 3650 debuisset

377 3679 512 3738 pateretur
522 3668 556 3723 de
563 3671 709 3726 liberorum
716 3673 833 3746 capitum
843 3693 885 3726 re·
970 3695 995 3729 s.
1002 3677 1179 3730 Permanermt.
1190 3677 1261 3730 tu.
1272 3675 1336 3746 537.
1344 3675 1448 3730 Front.

380 3743 541 3818 demptione.
552 3748 616 3803 vid.
630 3751 738 3817 Strabo,
748 3754 788 3820 V,
799 3755 828 3805 in
838 3753 885 3807 fin.
927 3755 977 3822 IV,
991 3755 1182 3823 5;P1in.V111,
1194 3756 1228 3826 57
1237 3778 1244 3819 ς
1254 3755 1363 3818 Strabo,
1375 3755 1421 3808 V.

423 3845 447 3879 ι.
463 3827 542 3882 Urbis.
553 3831 653 3884 Ductus
664 3831 782 3904 Capuam
791 3833 886 3886 Poeno·
969 3833 995 3887 3.
1017 3835 1179 3889 Providentia.
1195 3836 1264 3887 Male
1272 3835 1363 3887 Vorst.
1380 3851 1455 3904 post

379 3923 439 3958 rum
461 3908 589 3961 exercitus
609 3909 637 3961 in
659 3911 785 3977 hiberna,
805 3912 842 3964 sic
860 3931 887 3966 se
924 3914 1075 3984 procidentia
1088 3915 1195 3968 intrusit
1209 3914 1352 3967 lectionem
1373 3933 1454 3985 quo·

380 3985 504 4040 omnibus
514 3987 693 4059 voluptatibus
705 3991 846 4056 immersit,
858 4003 887 4044 ut
929 3991 1051 4046 rumdam
1069 3994 1200 4048 librorum
1220 3997 1350 4060 effectum,
1368 3995 1456 4064 quod

381 4067 888 4142 qumnulhvismdiantevicerstpost·
930 4072 1460 4146 benejeml’igbiusexpunxerat,etjure

383 4143 491 4200 modum
513 4147 602 4202 omnis
623 4149 692 4204 bona
711 4149 885 4221 perdiderint.
930 4153 1006 4221 ejecit
1015 4153 1167 4208 Torrcnius.
