3108 5136
400 543 471 588 210
813 519 1047 587 EPITOME

421 651 562 744 rinclpes
584 661 797 735 enumerant,
824 647 1028 716 Pirtilianum
1053 651 1286 736 Laviooium¹,
1306 653 1457 722 Volesum

396 678 600 840 l'alesium',
615 755 755 822 Metium
776 753 949 840 Curtium,
965 753 1075 824 Allum
1099 756 1393 828 Funnisilluticum.
1415 763 1458 828 Ex

398 993 537 1062 Pompeium
545 991 697 1062 Pompilium
708 989 909 1050 lnLivio‚Dio·
954 992 1014 1044 letus
1027 1003 1108 1044 exstet
1127 992 1164 1044 ito
1177 993 1324 1064 quoquein
1337 993 1458 1064 untiquis·

398 1071 488 1142 nysio,
501 1070 609 1122 Valerio
619 1069 690 1122 Mun.
700 1082 804 1142 patrem
815 1069 909 1122 Numae
953 1071 1012 1124 simi
1034 1072 1141 1126 termini
1155 1073 1296 1124 marmorei
1316 1073 1458 1142 fragmento

397 1151 466 1222 regis
476 1149 641 1221 Pomponem
649 1147 809 1218 Pompilium
823 1149 910 1220 oppcl·
954 1151 1058 1214 llomte,
1073 1149 1144 1222 opud
1160 1151 1303 1204 Malleios:

397 1234 480 1284 letum
493 1229 619 1300 legimns,
634 1230 662 1282 in
674 1227 817 1282 Plutarcho
829 1227 908 1280 Pom·

397 1312 511 1384 ponium
523 1308 909 1380 Pompiliumntqnebucvs-
957 1319 1458 1374 P‚v,2u1vs.70m‚p‚20fflmn‚
1544 1365 1545 1370 ,

397 1393 478 1444 rietes
495 1389 664 1441 librariorum
682 1388 847 1458 negligentia
862 1388 910 1440 im·

388 1457 514 1542 ‘putanda
529 1479 577 1521 est.
590 1469 725 1521 Ceterum
736 1467 907 1538 praenominis
954 1463 1056 1518 Verum
1066 1467 1092 1518 in
1106 1468 1282 1520 marmoribus
1297 1467 1458 1539 capitolinis,

396 1550 500 1622 antiqui
512 1549 624 1602 formem
635 1547 718 1617 magis
727 1547 842 1600 retinent
855 1546 908 1610 itte,
955 1545 1071 1606 Volesus.
1080 1563 1134 1600 non
1141 1547 1256 1610 Volesus,
1266 1547 1403 1601 scribitur.
1411 1549 1459 1600 Pri-

397 1629 578 1702 Pompus‚vel
588 1628 705 1698 Pompo:
714 1627 822 1680 tertium
829 1627 908 1680 Pom·
952 1643 1025 1680 scum
1035 1625 1111 1680 uelde
1123 1627 1152 1680 in
1165 1627 1269 1680 Sabinis
1281 1627 1345 1690 fuit,
1351 1639 1378 1680 et
1389 1629 1460 1700 genti

396 1712 508 1782 portius,
525 1708 684 1780 gentilitium
706 1725 805 1760 nomen
820 1706 910 1778 potius
955 1706 1078 1768 Valesius,
1092 1725 1151 1777 quo
1165 1705 1262 1759 deinde
1276 1707 1378 1758 Valerio
1394 1706 1458 1760 dico
1545 1760 1546 1770 ,

398 1803 452 1856 est,
465 1807 544 1860 quam
556 1805 719 1860 pronomen.
953 1796 1005 1846 est,
1021 1785 1061 1838 vel
1077 1799 1136 1838 unte
1150 1787 1261 1838 Romam
1274 1785 1412 1840 eonditum
1426 1787 1458 1838 ln·
1545 1779 1546 1800 ³

442 1869 633 1923 t.Pt'rtiliunum
643 1869 793 1918 Levinuium.
806 1865 838 1917 In
852 1866 910 1936 qui·
953 1865 1069 1918 miliare:
1078 1883 1131 1936 qno
1139 1865 1202 1918 item
1210 1883 1272 1918 usus
1279 1877 1318 1917 est
1327 1866 1411 1937 primi
1419 1867 1461 1917 Po·

396 1947 508 2004 busdam
533 1946 736 2017 manuscriptis,
760 1946 909 1998 Putilt'nnum
953 1943 1460 2018 plicolnpnter.liinceppcrctprimum

397 2031 544 2092 Lenaeum,
557 2029 584 2079 iu
599 2026 722 2080 Sembuci
736 2025 805 2078 libro
820 2025 909 2076 Postu·
955 2025 979 2074 V
981 2023 1068 2081 olcsos.
1084 2037 1174 2095 postea
1190 2025 1218 2074 V
1215 2025 1293 2076 clusos
1309 2023 1398 2080 dictos
1413 2043 1462 2077 esse

397 2111 478 2160 lenum
488 2109 619 2160 helarium
629 2105 764 2158 babemus.
774 2101 826 2156 sed
836 2122 910 2174 teque
955 2103 1065 2154 Valerios
1079 2124 1089 2155 :
1102 2115 1128 2155 et
1142 2104 1193 2156 hoc
1204 2103 1264 2156 loco
1282 2105 1399 2156 Volesum
1413 2105 1462 2156 Va·

397 2183 909 2252 obscurabuntimmo‚utVerriil¹'ltcci
954 2183 1034 2234 lesium
1047 2181 1187 2254 legendnm
1199 2201 1262 2237 esse.
1275 2183 1326 2236 llic
1336 2185 1413 2238 enirn
1421 2185 1462 2236 illc

396 2269 484 2321 verbis
503 2265 608 2331 dicem,
629 2266 804 2316 intermortua
829 2275 854 2315 ct
875 2281 911 2315 se·
953 2261 1462 2334 rideturesseprincepsgentisVulerioe‚

395 2347 471 2422 pulte
484 2349 537 2420 jem
548 2357 610 2398 sunt
621 2343 759 2396 vocabule.
773 2341 826 2392 Alii
841 2359 910 2412 quo·
954 2361 1032 2414 quern
1054 2358 1114 2394 cum
1132 2341 1165 2394 T.
1181 2341 1261 2394 Tatio
1274 2359 1337 2412 rege
1353 2345 1464 2396 Romam

397 2445 450 2500 que
462 2423 546 2479 codd.
564 2423 665 2477 hebent
679 2421 828 2474 Petilianum
844 2423 909 2474 Lau·
955 2422 1115 2474 transtulisse
1140 2419 1325 2487 domicilium,
1354 2423 1467 2476 trednnt
1545 2423 1546 2428 ’

328 2571 332 2580 ¹
397 2525 491 2559 nantem.
516 2503 641 2558 Sumbuci
662 2501 731 2554 liber
753 2501 910 2554 Postulnuum
955 2502 1097 2572 Dionysius
1111 2501 1244 2554 Hnllctrn.
1259 2503 1466 2556 etPlutttrcltus.

397 2589 542 2640 lunianum.
565 2583 619 2636 Alii
639 2581 754 2634 Petilium
769 2581 908 2640 Leianium,
955 2581 1091 2633 Proximus
1104 2581 1190 2642 locus,
1202 2583 1286 2634 Alium
1296 2581 1468 2634 Summilenti·

396 2667 439 2721 vel
464 2666 618 2719 Poetulunrun
646 2663 782 2716 Latmum.
810 2659 910 2713 Notum
955 2679 1006 2712 cum
1024 2659 1091 2712 nibil
1110 2660 1223 2713 habebnt
1241 2661 1307 2712 seni.
1323 2661 1470 2726 Dedimus,

397 2760 436 2800 est
450 2745 572 2800 librarios
588 2761 658 2816 sepe
673 2739 779 2794 duobus
792 2740 910 2792 nomini·
954 2741 1039 2792 Alium
1051 2739 1267 2794 Fuunise'llnu'cum.
1278 2741 1386 2795 Dehoc
1395 2759 1469 2794 voco-

397 2827 448 2879 bus
468 2817 572 2879 dedisse
589 2821 708 2876 eamdem
727 2822 847 2873 formem.
869 2819 911 2872 Sic
954 2819 1018 2871 bulo
1046 2817 1238 2872 incredibiliter
1259 2820 1368 2874 vomunt
1395 2820 1469 2874 eodi-

397 2903 777 2980 qnuminveuirentLuium'um,
785 2897 911 2952 videntur
954 2917 1010 2962 ces,
1027 2917 1093 2970 quos
1108 2897 1168 2950 vide
1187 2899 1263 2952 infre·
1284 2900 1363 2952 Amo
1383 2913 1471 2954 autem

396 3007 428 3040 cx
443 2987 534 3038 Petillo
548 2985 628 3038 etiem
649 2981 739 3034 iecisse
757 2981 910 3032 Petillanum
954 2993 1106 3049 pronomen
1120 2979 1238 3048 priscum
1250 2991 1304 3040 est,
1319 2979 1399 3032 unde
1411 2999 1476 3050 gens

396 3069 472 3120 Esset
488 3079 575 3120 nutem
590 3063 745 3123 Petulantes,
761 3073 792 3114 nt
808 3058 910 3110 Vibula-
955 3059 1025 3112 Allia
1035 3059 1477 3129 nuncupatulleperiunturveto·

398 3165 451 3212 ntes,
461 3147 562 3209 sPoeto,
574 3143 645 3196 unde
655 3161 719 3212 gens
728 3139 834 3193 Potitia.
844 3139 911 3190 Pue-
955 3135 1058 3190 stistirui
1069 3137 1172 3188 nummi
1182 3139 1297 3208 argentei
1306 3157 1375 3190 curn
1390 3141 1475 3212 Apol-

398 3237 462 3277 runt
476 3238 573 3294 nempe
583 3223 667 3274 multet
683 3224 739 3292 ejus
755 3219 847 3272 fot-mn
863 3235 912 3270 no·
954 3215 1015 3269 linis
1030 3217 1129 3288 cupite,
1145 3229 1171 3269 et
1186 3219 1246 3287 biga
1260 3217 1376 3286 Dienae,
1395 3237 1477 3290 quum

399 3303 487 3366 mina,
501 3315 531 3354 ut
543 3315 617 3373 patet
628 3301 790 3370 exgentibus
800 3298 912 3352 Pedania
955 3297 1024 3349 cervi
1040 3296 1123 3364 juncti
1142 3297 1264 3360 trahunt,
1282 3297 1426 3370 inscripto
1445 3297 1478 3348 ti·

400 3395 450 3434 etc.
462 3383 528 3433 Item
544 3383 659 3432 Latmus
671 3392 709 3432 est
719 3397 816 3431 nomen
827 3377 912 3450 gentis
955 3376 1011 3428 tulo
1022 3395 1045 3428 c.
1054 3393 1124 3428 tur.
1135 3375 1177 3428 Sic
1186 3376 1266 3428 etism
1275 3377 1310 3428 ab
1320 3379 1402 3433 Aulo
1411 3397 1481 3450 prse-

401 3481 415 3514 a
428 3463 534 3520 hiano,
544 3473 569 3512 et
577 3461 628 3512 hoc
641 3457 760 3511 camdem
768 3459 849 3511 habet
858 3457 911 3508 ori·
954 3454 1062 3508 nomine
1074 3473 1136 3526 gens
1147 3455 1224 3508 Arulis
1235 3473 1339 3509 nomen
1355 3459 1480 3530 accepit,

398 3540 487 3612 gincm
504 3557 533 3592 cc
543 3539 604 3592 Lais
620 3557 693 3610 gens.
708 3539 786 3591 Forte
797 3553 911 3609 gracum
955 3547 1032 3605 etque
1046 3535 1103 3586 alise
1112 3535 1201 3587 multat
1214 3536 1248 3587 ab
1259 3533 1331 3590 aliis.
1347 3537 1417 3590 Nisi
1427 3537 1484 3590 lor·

400 3619 467 3672 illud
480 3637 579 3672 nomen
594 3620 676 3671 Leito.
692 3621 827 3670 laurentus
840 3613 910 3688 apud
955 3627 1020 3668 tasse
1029 3614 1159 3686 quispiam
1168 3614 1211 3666 hic
1223 3615 1325 3668 Tullum
1337 3617 1484 3668 Tur-anum

361 3757 365 3764 ¹
401 3699 515 3766 Quintil.
529 3697 912 3770 tib.11,p.6182xo.Psm·
954 3693 1042 3748 elferii
1064 3693 1128 3746 velit
1147 3694 1268 3764 opinari,
1284 3713 1380 3766 quem
1401 3697 1486 3751 etiem

400 3785 461 3834 eun.
475 3779 533 3831 Per.
547 3779 629 3848 prim.
643 3779 801 3830 Postulunum
812 3777 911 3829 Louen-
955 3793 1013 3826 cum
1026 3773 1059 3826 Τ.
1072 3772 1149 3825 Tatio
1162 3792 1222 3844 rege
1233 3775 1358 3829 Romam
1375 3797 1394 3830 e
1410 3777 1489 3830 Sabi-

400 3879 463 3919 mm.
473 3857 599 3911 notuit.
609 3859 687 3929 prim.
699 3859 846 3910 Putolanum
853 3857 914 3909 Lau
957 3854 998 3906 nis
1019 3853 1163 3906 habitatum
1178 3853 1281 3906 venisse
1295 3857 1407 3910 scribit
1421 3857 1489 3910 Dio-

399 3959 492 3993 renum.
519 3937 595 3991 leid.
617 3938 702 4008 quint.
729 3949 793 3991 sext.
816 3937 912 4006 Ultrsj.
957 3933 1048 4004 nysius
1060 3933 1105 3985 lib.
1115 3933 1151 3986 11.
1165 3931 1216 3985 sed
1229 3933 1257 3985 in
1269 3947 1329 3988 tam
1346 3939 1491 3991 obsceno.

401 4021 478 4092 prim.
498 4019 644 4072 Putulenum
666 4019 811 4070 Laurentem.
833 4013 912 4068 Leid.
957 4027 983 4066 et
999 4013 1100 4066 lubrico
1115 4013 1173 4064 loeo
1186 4010 1282 4083 pedem
1299 4015 1400 4088 ligere
1416 4017 1493 4070 diffi.

399 4111 459 4152 tert.
469 4099 615 4152 Potulauum
625 4099 770 4150 tunsarum.
957 4095 1005 4146 cile
1024 4105 1069 4146 est.
1086 4091 1174 4144 Album
1187 4091 1214 4144 in
1229 4090 1273 4146 ed.
1286 4091 1395 4166 Pighii
1414 4117 1496 4152 error

443 4199 469 4230 u.
485 4179 595 4230 Volesum
607 4179 621 4228 l
625 4179 738 4229 blesium.
752 4173 821 4229 Edd.
835 4175 863 4227 V
861 4175 911 4226 ule·
956 4187 993 4225 est
1006 4172 1176 4244 typographi,
1195 4185 1225 4223 ut
1241 4186 1320 4243 petet
1341 4195 1379 4228 ex
1401 4175 1496 4249 Piglrii

399 4259 458 4308 ilum
471 4258 617 4310 Veientium.
627 4259 781 4311 l‘raenomen
793 4256 845 4309 boc
858 4257 910 4308 Vo·
955 4254 1037 4314 notis,
1050 4253 1093 4322 qui
1104 4251 1186 4304 voluit
1195 4253 1297 4319 Allum,
1309 4271 1412 4326 quum
1425 4271 1495 4316 wit.
