3152 5134
257 482 363 552 cae.
386 485 452 566 1v,
480 485 547 550 na
575 485 1024 560 saanrncannrrs.
1122 489 1169 562 35

99 689 101 696 ‚
129 637 302 709 expugnare
319 639 386 682 non
400 629 529 709 posset,
545 616 631 682 intra
649 629 763 709 pectus
782 641 877 685 snum
894 618 949 688 diu
966 618 1171 716 multumque

128 720 252 790 consiliis
269 721 417 816 agitatis,
431 722 518 790 viam
536 723 674 815 reperit,
688 745 753 814 qua
771 726 976 818 propositum
992 725 1032 794 ad
1049 730 1170 798 exitum

126 827 323 923 perduceret:
345 827 461 896 itinera
482 851 604 921 magno
625 830 749 920 impetu
772 830 1036 922 ingrediebatur,
1054 831 1172 904 deinde
1264 896 1267 908 .

127 932 191 1004 alias
214 949 313 1029 atque
339 932 418 1002 alias
445 936 595 1028 regiones
616 933 768 1028 petebat:
791 936 891 1004 modo
917 937 977 1006 hos
1003 937 1173 1010 obsidebat

127 1055 255 1130 montes,
280 1040 381 1136 paulo
399 1055 475 1134 post
491 1039 534 1108 ad
553 1038 625 1109 illos
643 1041 963 1134 transgrediebatur3
978 1066 1078 1138 quum
1096 1048 1175 1115 inte·

127 1147 178 1214 rim
197 1161 261 1216 taor
290 1147 355 1216 suis
377 1147 551 1234 omnibus,
570 1167 670 1240 quarn
692 1148 768 1240 ipsis
793 1147 942 1218 hostibus
967 1153 1077 1246 ignota
1104 1168 1174 1220 erat

125 1275 208 1322 musa
223 1255 403 1348 inopinate
421 1253 547 1345 ejusne
566 1253 681 1322 subitae
698 1253 934 1324 fluctuationis:
954 1257 1173 1351 interrogatus

127 1381 241 1454 quoque
259 1385 282 1428 a
307 1359 451 1453 quodam
472 1361 668 1430 amicissimo
693 1359 772 1445 sibi,
794 1360 880 1453 quid
893 1366 944 1430 ita
965 1385 1121 1458 parsum
1141 1382 1175 1431 et

125 1469 270 1536 neutum
308 1467 438 1535 melitite
464 1490 573 1560 genus
595 1467 818 1560 sequeretur?
843 1467 1025 1555 «Absiste,
1047 1469 1175 1563 inquit,

125 1569 217 1638 istud¹
246 1597 420 1668 quaerere3
447 1596 523 1641 narn
554 1575 578 1642 si
609 1573 705 1665 hujus
736 1572 860 1642 consilii
890 1575 954 1642 mei
984 1577 1173 1644 interiorem

125 1678 253 1746 timinam
275 1680 445 1747 consciam
474 1703 625 1766 sensero,
647 1679 805 1747 continuo
827 1703 899 1748 eam
918 1683 1056 1748 cremari
1075 1682 1174 1774 juhe-

123 1779 170 1848 bo.
185 1811 202 1846 a
222 1786 393 1872 Quorsum
414 1784 513 1878 igitur
533 1785 595 1854 ista
615 1783 827 1854 dissimulatio
849 1785 981 1878 erupit?
999 1801 1055 1854 aut
1077 1813 1174 1880 quern

124 1885 211 1956 finem
227 1888 371 1959 habuit?
391 1893 568 1984 Postquam
590 1888 690 1959 vero²
708 1905 741 1958 et
763 1891 941 1959 exercitum
962 1917 1055 1960 suurn
1078 1895 1174 1988 igno·

123 1996 235 2084 tantia,
253 2011 290 2065 et
308 2010 411 2064 totam
427 1995 636 2066 Celtiberiam
654 2021 766 2066 errore
780 1996 979 2091 implicavit5
992 2022 1094 2091 quum
1112 1998 1175 2068 alio

125 2122 243 2170 cursum
260 2103 451 2188 direxisset,
469 2099 577 2170 subito
594 2102 636 2170 ad
651 2103 865 2170 Contrebiam
882 2103 1025 2189 reflexit,
1039 2127 1175 2197 eamque

123 2205 316 2300 inopinatam
330 2223 365 2276 et
376 2209 549 2296 attonitam
564 2209 743 2302 oppressit3
756 2231 835 2301 ergo
850 2209 911 2276 nisi
925 2223 1069 2278 mentem
1083 2234 1175 2280 suam

124 2305 205 2382 dolos
220 2315 364 2384 scrutari
384 2315 561 2408 coegisset,
579 2312 622 2381 ad
644 2312 792 2382 ultimam
813 2315 842 2398 ei
865 2330 1066 2384 senectutem
1088 2317 1176 2412 apud

123 2421 231 2490 moenia
253 2419 445 2491 Contrebiae
466 2433 593 2488 armato
611 2419 790 2490 sedendum
812 2419 898 2488 foret
912 2405 934 2492 ³.

248 2645 303 2696 DE
328 2641 697 2696 STRATEGEMATIS
723 2641 1040 2696 EXTERNORUM.

177 2843 207 2887 r.
233 2807 448 2918 Agathocles⁴
468 2835 597 2907 autern,
619 2821 896 2913 Syracusanorum
918 2813 991 2904 rex,
1011 2821 1177 2890 audaciter

115 2923 278 2994 callidus:
295 2951 393 3020 quum
412 2927 499 2994 enim
516 2925 632 2994 urbem
646 2925 716 3018 ejus
734 2924 857 3017 majore
872 2948 912 2992 ex
925 2938 1018 3017 parte
1035 2927 1174 2994 Cartha-

115 3033 283 3124 ginienses
303 3046 534 3127 occupassent,
547 3032 724 3100 exercitum
748 3054 843 3098 suum
864 3029 897 3094 in
916 3027 1060 3096 Africam
1079 3033 1175 3123 traje-

113 3139 157 3206 cit
164 3123 187 3226 ⁵,
198 3153 238 3210 ut
253 3138 498 3224 metummetu,
510 3138 576 3208 vim
588 3139 621 3206 vi
634 3137 810 3208 discuteret
819 3159 829 3223 ;
838 3159 944 3228 neque
959 3136 1027 3204 sine
1040 3135 1175 3207 effectu:

111 3345 627 3420 spaniasTarraoon.eignifieatur‚quum
669 3355 712 3396 ret.
731 3343 816 3396 Sedere
838 3343 889 3398 boe
906 3343 964 3394 loeo
984 3355 1024 3395 est
1042 3342 1175 3412 desidere,

112 3427 143 3482 de
155 3429 306 3483 Celtiberia
317 3429 352 3482 sit
361 3443 458 3483 sermo.
669 3423 775 3476 morari.
784 3421 848 3476 vid.
861 3423 929 3493 Nep.
942 3423 1018 3488 XIV,
1029 3426 1099 3490 8‚1,
1117 3445 1173 3498 pag¹

152 3527 175 3564 a.
189 3510 273 3563 Istud.
289 3509 399 3579 Pighius
411 3506 492 3559 etalii
505 3509 568 3570 ista,·
581 3504 627 3558 sed
674 3503 737 3570 rat,
752 3516 848 3556 nostre
862 3500 994 3554 editionis.

108 3601 215 3659 prata
231 3589 320 3651 a'stud5
333 3599 426 3660 utpote
437 3587 531 3638 melius
546 3603 626 3638 unam
710 3587 737 3646 4.
753 3583 907 3651 Agathocles.
915 3579 1065 3634 Vid.Di0d.
1075 3580 1108 3636 de
1118 3585 1173 3638 reb.

109 3685 162 3721 rem
178 3669 318 3742 quarenti
332 3667 498 3722 conveniens.
670 3661 798 3715 Alexand.
811 3663 827 3713 J
829 3663 907 3714 nstin.
921 3661 1013 3726 XXII,
1025 3659 1051 3714 5.
1062 3663 1175 3732 Agatho·

147 3767 174 3802 a.
186 3751 270 3804 Vero.
280 3747 358 3801 Hanc
367 3765 459 3799 vocem
466 3743 537 3797 Med.
548 3744 625 3814 prim.
670 3743 721 3796 eles
730 3761 760 3795 er
769 3741 864 3794 humili
872 3739 946 3812 figuli
956 3755 1025 3794 sorte
1036 3739 1070 3793 ad
1077 3743 1176 3812 regiam

107 3825 185 3882 delet.
195 3827 284 3882 Haud
293 3828 415 3900 prolecto
424 3823 543 3877 absurde.
557 3823 625 3876 Uitr.
670 3825 829 3894 majestatem
844 3835 947 3874 evectus
960 3833 1007 3874 est.
1019 3854 1058 3863 —
1069 3822 1177 3875 Aridaci·

103 3927 154 3962 see.
168 3929 247 3962 vera.
264 3907 371 3973 Quaerit
383 3905 527 3958 Torrenins
538 3922 626 3958 annon
671 3915 712 3954 ter.
729 3900 843 3968 Quidam
853 3903 974 3953 audacter.

104 3989 237 4042 Valerius
251 3988 389 4059 scripserit
398 3989 464 4047 veri,
475 3996 505 4037 nt
516 3985 549 4038 sit
561 3988 628 4053 igno
712 3982 736 4036 5.
762 3983 873 4054 Trajecr't.
888 3977 967 4046 Quod
982 3992 1008 4032 et
1020 3979 1108 4052 Scipio
1120 3979 1175 4032 alii-

102 4073 186 4123 Μὴ
199 4071 270 4121 aer-i.
670 4079 721 4133 que
729 4063 858 4128 iecerunt,
866 4062 997 4132 optimum
1003 4060 1064 4121 rati,
1073 4059 1174 4112 hostem

143 4151 171 4202 3.
184 4147 332 4202 Sedeadmn
343 4149 413 4207 foret.
425 4145 500 4198 Forat
508 4145 627 4216 profuis-
672 4142 699 4193 in
716 4142 797 4213 ipsius
810 4153 877 4193 terra
892 4137 1005 4208 aggredi.

937 4235 957 4305 3
