3110 5134
358 519 406 591 ῳ
526 492 743 567 vinnan
772 493 1243 568 reinsumatur.

357 627 521 714 dicerem,
539 629 602 699 nisi
620 626 735 706 eadem
754 625 800 696 illi
820 641 854 696 et
871 625 1013 708 dedisset
1029 627 1152 712 vitam,
1172 641 1206 701 et
1225 625 1420 701 abstulisset

357 734 471 826 Captis
496 735 583 809 enim
610 734 801 826 Syracusis,
826 731 1004 803 Marcellus
1030 733 1328 814 machinationibus
1351 737 1422 828 eius

358 837 499 916 nutum
514 863 555 910 ars:w
568 839 625 909 diu
638 839 811 914 victuriani
827 863 921 916 stram
934 839 1107 911 inhibitam
1123 854 1289 913 senserat:
1303 843 1421 926 eximia

358 958 469 1016 tamen
487 945 629 1020 hominis
649 945 822 1040 prudentia
840 943 1045 1033 delectatus,
1064 960 1102 1016 ut
1122 947 1222 1040 capiti
1240 945 1324 1018 illius
1346 973 1421 1041 par·

357 1065 505 1138 deretur,
523 1050 642 1134 edisit3
661 1075 754 1144 paene
773 1065 902 1122 tantum
920 1050 1032 1145 glorie
1048 1053 1083 1132 in
1100 1051 1297 1124 Archimede
1317 1078 1422 1124 serva·

358 1169 413 1243 to,
426 1171 586 1250 quantum
604 1158 638 1228 in
654 1159 818 1252 oppressis
833 1159 1022 1250 Syracusis,
1033 1181 1205 1251 reponens
1220 1160 1265 1226 At
1278 1159 1325 1246 is,
1341 1159 1420 1240 dum

356 1264 467 1335 animo
485 1277 520 1332 et
533 1261 637 1333 oculis
650 1264 684 1332 in
702 1277 824 1337 terram
843 1262 958 1340 defixis
974 1263 1097 1341 formas
1115 1263 1290 1350 describit,
1309 1265 1421 1352 militi,

356 1370 412 1462 qui
437 1368 607 1462 predandi
629 1371 735 1462 gratia
757 1369 892 1438 domum
915 1372 1097 1462 irruperat,
1121 1371 1301 1462 strictoque
1323 1395 1421 1466 super

356 1488 458 1568 capnt
480 1473 608 1568 gladio,
627 1481 785 1568 quisnam
809 1491 917 1560 esset,
942 1475 1186 1569 interrogabat,
1207 1490 1345 1570 propter
1367 1479 1419 1544 ni-

356 1581 458 1656 miam
484 1579 698 1674 cupiditatem
719 1581 936 1675 investigandi
956 1579 1046 1675 quod
1067 1579 1277 1675 requirebat,
1298 1607 1420 1654 nomen

355 1709 453 1756 suum
475 1687 619 1758 indicare
641 1712 709 1756 non
729 1688 858 1781 potuit3
872 1687 930 1760 sed
952 1701 1120 1782 protracto
1140 1687 1293 1760 manibus
1313 1687 1422 1782 pulse-

356 1817 392 1867 re
404 1791 426 1878 ¹,
441 1795 543 1879 Noe,
561 1795 686 1887 inquit,
703 1791 861 1879 obsecre,
882 1792 994 1862 ιἰιιιιιι1
1007 1793 1198 1864 dbtrubare
1213 1819 1223 1862 .·
1236 1817 1276 1865 ac
1287 1795 1422 1896 perinde

353 1898 447 1992 quasi
469 1900 638 1994 negligens
664 1901 793 1994 imperii
819 1902 973 1986 victoris,
995 1899 1234 1986 obtruncatus,
1262 1903 1420 1994 sanguine

355 2029 416 2075 suo
429 2007 509 2077 artis
521 2031 587 2078 snae
601 2005 800 2082 lineamenta
818 2006 967 2084 confudit
979 2031 987 2073 :
1003 2031 1069 2100 quo
1083 2005 1217 2092 accidit,
1232 2020 1270 2075 nt
1284 2022 1421 2101 propter

354 2109 440 2180 idem
464 2112 610 2180 studium
632 2113 733 2184 modo
755 2112 935 2190 donaretur
956 2113 1045 2200 vita,
1068 2111 1169 2182 mode
1189 2110 1387 2206 spoliaretur
1396 2099 1417 2182 ³.

410 2217 442 2288 8.
467 2205 664 2288 Socratem⁴
682 2220 782 2291 etiam
806 2233 938 2298 constat
963 2232 1058 2290 aetate
1081 2232 1276 2314 provectum
1301 2217 1420 2288 fidibus

352 2323 532 2392 tractandis
553 2347 689 2419 operam
712 2323 791 2394 dare
814 2328 977 2420 coepisse,
1003 2327 1104 2394 satius
1126 2325 1327 2418 judicantem
1350 2326 1419 2418 ejus

351 2431 431 2497 artis
449 2453 546 2498 usum
567 2455 662 2518 sero,
683 2453 783 2526 quam
805 2453 975 2525 nunquam
997 2433 1186 2526 percipere3
1208 2445 1241 2498 et
1262 2431 1420 2524 quantula

240 2615 247 2622 ·
351 2533 480 2605 Socrati
501 2537 645 2615 accessio
660 2537 722 2606 ista
737 2535 849 2610 lutura
864 2539 1007 2608 scientiae
1023 2535 1116 2606 erat?
1131 2535 1188 2606 sed
1203 2537 1355 2633 pertinax
1364 2537 1421 2604 ho

352 2641 449 2710 minis
466 2640 647 2730 industria,
665 2645 768 2714 tantis
782 2643 941 2714 doctrinae
954 2667 1020 2714 sue
1032 2643 1154 2715 divitiis
1169 2645 1269 2714 etiam
1287 2645 1420 2722 musica

352 2748 487 2816 rationis
500 2735 714 2817 vilissimum⁵
727 2747 926 2819 elementum
940 2749 1098 2818 accedere
1112 2747 1225 2817 voluit.
1235 2751 1326 2842 Ergo
1340 2749 1419 2816 dum

352 2851 602 2926 addiscendum
618 2880 747 2950 semper
763 2880 796 2924 se
811 2880 990 2951 pauperem
1004 2854 1162 2944 eredidit,
1178 2854 1218 2922 ad
1232 2853 1419 2925 docendum

353 2958 432 3029 feeit
453 2985 488 3028 se
508 2959 812 3055 locupletissimum.
933 3037 949 3057 ,

351 3121 464 3192 legatur
482 3123 561 3180 suam
574 3121 609 3178 dc
624 3123 783 3178 Archimede
794 3126 864 3198 ejus,-
908 3122 1028 3178 omnium
1050 3141 1124 3194 pene
1143 3141 1233 3179 rerum
1245 3121 1361 3194 jamdum
1374 3141 1419 3178 co·

350 3218 403 3270 qus
412 3203 516 3272 scriptis
526 3203 640 3257 Fabricii
649 3203 863 3274 Bibliothgrssc.
907 3201 1419 3273 gnimrumseientiamessctccrnplexus,

351 3277 836 3352 edit.llarles.rul.lV,p.170·191.
908 3281 1014 3339 musice
1026 3300 1131 3354 qrroque
1139 3301 1232 3336 vacere
1245 3301 1299 3338 non
1309 3283 1421 3337 erubuit

396 3375 421 3410 ι.
439 3359 548 3410 Putem.
565 3359 599 3412 In
614 3377 668 3428 quo
681 3359 778 3429 figuras
790 3380 862 3428 suas,
908 3353 1115 3432 ippmvectiure
1130 3374 1221 3426 etate,
1235 3375 1265 3416 ut
1280 3361 1350 3417 nibil
1364 3363 1422 3416 suis

352 3451 399 3486 sen
414 3435 512 3490 formas
523 3439 644 3493 metricas
657 3435 817 3509 designabat.
906 3442 1049 3498 enantibus
1073 3439 1162 3498 deesse
1186 3439 1328 3504 rideretur·
1356 3442 1422 3498 Hace

395 3532 422 3570 a·
442 3515 524 3567 Istrum
539 3517 695 3584 Pulverem,
716 3537 772 3572 uon
785 3524 861 3572 oren·
906 3524 1077 3598 qunqueuejus
1091 3539 1170 3578 cansa
1182 3535 1322 3577 narratur:
1336 3539 1422 3592 quum

353 3593 414 3652 tm,
425 3605 455 3644 nt
465 3592 574 3664 quidam
583 3598 863 3668 receperuntFermss
906 3601 934 3656 in
952 3601 1076 3657 convivio
1091 3620 1107 3656 ιι
1124 3599 1256 3672 qmdsm,
1271 3615 1301 3658 ut
1315 3615 1423 3658 moeret

353 3671 474 3731 metricas
496 3677 604 3728 traxisse
623 3696 685 3730 eum
705 3679 733 3730 in
753 3679 862 3750 pulvere
904 3679 1018 3744 fidibus,
1032 3681 1206 3748 inritaretur,
1218 3700 1246 3736 se
1261 3682 1363 3738 nescire
1379 3701 1424 3734 re-

353 3751 473 3806 scribunt
484 3752 575 3808 Livius
586 3769 614 3808 et
623 3755 794 3822 Plutarchus,
806 3777 861 3815 nou
904 3759 1012 3832 spondit
1026 3780 1034 3814 :
1050 3759 1122 3832 quod
1133 3761 1290 3816 anonnullis
1305 3761 1362 3826 risu
1375 3781 1424 3814 ex·

351 3827 525 3886 determinate
537 3834 656 3888 circulos.
904 3853 1024 3910 ceptum,
1037 3839 1070 3897 ad
1081 3841 1208 3897 mmimm
1217 3839 1427 3912 perdiffldm

393 3910 583 3980 soporamur.
591 3915 685 3966 Cicero
692 3915 799 3968 demum
806 3920 861 3988 ejus
904 3939 965 3974 eum
976 3921 1103 3986 incitavit.
1120 3919 1193 3974 Fides
1209 3933 1302 3977 autem
1317 3919 1426 3992 chorda

349 3991 500 4060 sepulcrm
515 3990 623 4050 detexit.
904 4013 943 4066 est
952 4001 980 4054 in
988 4001 1090 4066 eithara
1102 4001 1143 4056 rel
1152 4001 1209 4070 lyra
1222 4001 1309 4056 aliove
1322 4001 1427 4056 insuu-

391 4075 417 4132 4.
441 4070 572 4126 Somnum.
590 4071 654 4126 vid.
674 4075 741 4128 Plas.
761 4076 789 4127 in
806 4076 859 4133 Eu·
905 4092 994 4146 mepte
1006 4081 1107 4136 musico
1121 4092 1236 4140 extrita

348 4146 434 4218 rhyd,
444 4151 498 4205 Cic.
512 4154 539 4208 in
551 4154 610 4220 Gar.
621 4155 648 4210 8.
659 4153 790 4222 socrate,
799 4175 859 4213 euni
947 4160 971 4212 5.
997 4161 1155 4212 Vilr'ssr'mum.
1164 4160 1256 4214 Prima
1266 4157 1429 4224 rudimenta
