3152 5134
380 453 428 524 26
557 453 778 523 VALERII
805 453 1010 520 MAXIMl
1037 453 1134 520 LIB.
1162 455 1250 521 Vll.

380 601 455 655 ortu
474 608 606 654 cursum
627 585 662 652 in
683 583 857 678 quemdam
880 582 988 652 locum
1008 583 1203 678 dirigerent3
1221 585 1312 676 isque
1332 606 1434 678 regno

380 693 560 786 potiretur,
581 691 674 783 cujus
697 713 799 783 equus
821 691 856 756 in
879 713 919 758 eo
941 690 1065 783 primus
1082 689 1250 758 hinnisse-t.
1271 691 1435 758 Ceterum

378 800 528 866 maximae
543 795 701 865 mercedis
722 795 991 888 competitoribus
1011 795 1149 864 fortunae
1171 793 1365 864 beneficium
1384 818 1435 864 ex·

381 902 623 998 spectantibus,
651 899 739 970 solus
767 902 917 970 acumine
944 902 1108 995 equisonis
1127 903 1176 970 sui
1198 900 1339 970 OEbaris
1359 925 1435 995 pro·

381 1033 511 1102 sperum
529 1021 689 1100 exoptatre
703 1007 750 1075 rei
763 1005 918 1075 effectum
934 1021 1127 1100 assequutus
1141 1021 1204 1075 est:
1220 1007 1276 1099 qui
1294 1007 1326 1073 in
1345 1029 1436 1099 equae

381 1113 553 1208 genitalem
568 1126 695 1206 partem
710 1112 883 1181 demissam
900 1135 1053 1198 manum,
1066 1136 1169 1206 quum
1183 1111 1223 1180 ad
1239 1135 1313 1182 eum
1326 1110 1436 1180 locum

380 1234 516 1288 ventum
535 1232 635 1302 esset,
656 1216 808 1286 naribus¹
829 1221 903 1311 equi
923 1218 1094 1286 admovit:
1117 1243 1182 1311 quo
1203 1217 1305 1286 odore
1326 1219 1437 1286 irrita-

380 1338 450 1408 tus,
474 1337 550 1392 ante
567 1345 683 1392 omnes
702 1323 867 1392 hinnitum
888 1324 1006 1408 edidit;
1026 1322 1202 1418 auditoque
1225 1347 1282 1409 eo,
1306 1347 1363 1391 sex
1380 1347 1437 1391 re-

380 1427 459 1524 liqui
481 1453 616 1498 summe
639 1431 807 1521 potestatis
825 1429 988 1499 candidati
1010 1431 1167 1500 continuo
1186 1431 1276 1523 equis
1297 1426 1436 1522 delapsi,

382 1551 420 1604 ut
434 1550 484 1604 est
497 1559 568 1602 mos
585 1537 774 1622 Persarum,
789 1535 881 1602 humi
900 1537 1071 1629 prostratis
1083 1534 1437 1630 corporibus,Darium

382 1665 493 1734 regem
521 1639 754 1710 salutaverunt.
775 1642 953 1728 Quantum
984 1643 1182 1736 imperium,
1210 1664 1309 1734 quam
1333 1663 1437 1736 parvo

383 1747 601 1839 interceptum
621 1760 670 1814 est
691 1742 916 1815 vaframento!

438 1849 470 1922 3.
494 1853 567 1920 Bias
586 1866 695 1920 autem
705 1850 727 1938 ²,
749 1854 843 1946 cujus
861 1854 1019 1948 sapientia
1038 1853 1223 1922 diuturnior
1236 1850 1438 1920 interhomi-

383 1982 440 2026 nes
470 1972 537 2043 est,
560 1981 659 2050 quarn
687 1960 792 2050 patria
815 1959 931 2026 Priene
959 1958 1021 2027 fuit
1040 1953 1223 2052 (siquidem
1249 1958 1319 2026 haec
1341 1959 1439 2024 etiam

382 2088 471 2132 nunc
492 2065 610 2156 spirat,
630 2047 735 2130 illius³
756 2064 892 2158 perinde
910 2079 1008 2158 etque
1026 2066 1193 2135 exstinctae
1215 2065 1350 2156 vestigia
1369 2077 1440 2130 tan-

382 2168 554 2237 tummodo
579 2159 750 2256 exstant),
768 2175 820 2238 ita
844 2171 952 2239 aiebat
974 2187 1129 2264 oportere
1146 2171 1295 2238 loomim
1321 2173 1356 2236 in
1379 2193 1442 2236 usu

382 2279 545 2343 amr'citioe
563 2280 716 2359 versari,
738 2290 777 2342 nt
794 2281 1038 2361 meminissent,
1057 2301 1134 2344 eam
1156 2276 1209 2344 ad
1219 2278 1443 2368 gravissimas

381 2385 573 2448 inimicitias
580 2403 687 2475 posse
697 2385 856 2449 converti.
867 2381 968 2470 Quod
978 2381 1109 2474 quidem
1122 2395 1322 2474 praeceptum
1337 2379 1443 2473 prima

383 2487 491 2581 specie
506 2487 603 2554 nimis
620 2485 756 2554 fortasse
768 2485 921 2554 callidum
934 2487 1103 2570 videatur,
1117 2487 1351 2578 inimicumque
1366 2486 1441 2553 situ·

383 2590 536 2682 plicitati,
546 2615 610 2683 qua
623 2593 788 2684 praecipue
801 2591 1003 2660 familiaritas
1015 2592 1155 2685 gaudet:
1171 2591 1225 2660 sed
1239 2593 1265 2660 si
1274 2589 1444 2659 altioribus

382 2698 498 2764 animis
519 2697 675 2789 cogitatio
697 2696 836 2766 demissa
855 2696 968 2784 luerit,
983 2722 1142 2791 perquam
1156 2695 1234 2764 utile
1248 2697 1442 2790 reperietur.

383 2899 466 2953 dubio
484 2912 560 2971 gente
578 2899 641 2952 olim
661 2900 746 2953 Persis
763 2899 891 2964 finitimo,
977 2901 1445 2972 ³.11oe0.......r1uu.eighim,

382 2981 470 3032 locum
480 2981 649 3045 habuit,non
661 2981 758 3032 mirum
766 2991 819 3044 est,
829 2980 892 3034 Per·
936 2997 1014 3051 quern
1028 2982 1133 3050 sequuti
1148 2993 1210 3034 sunt
1221 2981 1308 3035 Celer.
1320 2993 1345 3033 et
1354 2982 1448 3033 Vorst.

384 3079 471 3112 serum
485 3059 616 3130 principes
636 3059 685 3112 soli
700 3071 727 3112 et
740 3077 808 3129 equo
825 3059 892 3128 regit
936 3057 1041 3112 edidere
1061 3061 1141 3115 itta....
1160 3062 1244 3130 hujus,
1265 3059 1352 3114 inritis
1368 3059 1450 3110 MSS.

385 3139 539 3192 electionem
551 3139 720 3190 commisisse.
730 3139 839 3191 Colerus
851 3157 892 3190 re·
936 3151 962 3190 et
977 3151 1069 3190 contra
1091 3158 1191 3194 morem
1208 3139 1322 3201 Valerii,
1340 3137 1386 3208 qui
1407 3138 1451 3188 iric

385 3231 427 3270 cte
442 3229 547 3280 mouet,
567 3216 618 3269 boc
640 3217 718 3268 etiam
741 3215 811 3288 opud
826 3217 893 3270 Ger·
937 3216 970 3271 td
981 3218 1121 3282 remotius,
1136 3220 1176 3270 ille
1191 3216 1224 3272 ad
1239 3218 1388 3290 proximum
1403 3235 1450 3269 re·

386 3314 478 3348 manos
488 3295 568 3347 moris
580 3295 645 3348 olim
659 3296 753 3360 luisse,
762 3309 789 3348 et
798 3297 894 3348 multos
937 3298 1006 3350 serre
1016 3298 1094 3362 solet,
1103 3309 1133 3349 ut
1141 3300 1195 3368 jam
1206 3317 1259 3350 non
1270 3296 1349 3351 semel
1361 3293 1452 3348 edno-

386 3377 452 3428 ritus
479 3387 617 3444 utramque
643 3387 748 3444 gentem
775 3375 895 3428 habuisse
938 3389 1020 3428 tatum
1033 3388 1079 3429 est.
1095 3409 1134 3420 —
1149 3377 1266 3428 Converti.
1284 3377 1344 3428 Nou
1358 3393 1451 3428 eous·

386 3473 444 3508 com
451 3471 549 3506 munes.
567 3454 686 3506 Fortasse
698 3455 753 3524 jem
768 3454 895 3524 antiquis·
937 3474 988 3526 que
1010 3456 1123 3508 amioum
1139 3475 1225 3508 amore
1245 3455 1386 3520 debemus,
1403 3466 1452 3517 ut,

388 3535 459 3588 simis
472 3533 691 3603 temporibus‚ex
700 3533 850 3603 regionibus
861 3531 894 3586 ad
938 3534 1037 3605 siquid
1058 3533 1197 3607 indignum
1218 3547 1244 3588 et
1260 3547 1335 3605 turpe
1357 3533 1455 3586 lecerit

388 3614 517 3678 Tanaim,
538 3613 683 3666 Caucasum
704 3625 731 3666 et
753 3631 824 3666 mare
845 3613 895 3666 Cs-
938 3614 979 3666 vel
993 3615 1115 3683 jusserit,
1131 3613 1216 3668 odiose
1232 3614 1317 3685 turpis
1333 3631 1456 3682 nequea-

388 3693 475 3763 epium
501 3692 556 3744 sitit
581 3693 690 3746 colonie
718 3692 843 3746 nansiere
868 3694 896 3746 in
939 3711 1012 3758 mus;
1029 3711 1113 3764 neque
1135 3695 1187 3757 sie,
1206 3707 1234 3746 ut
1250 3693 1336 3746 omnia
1358 3704 1458 3744 nostra

388 3771 565 3824 Germaniam.
939 3772 1050 3842 cogitata
1068 3773 1269 3843 patefaciamus,
1290 3769 1362 3843 quod
1378 3772 1458 3841 peri-

431 3869 455 3904 1.
468 3849 583 3902 Naribus.
597 3849 737 3904 Honestius
749 3869 804 3904 rem
818 3852 898 3904 Justi·
939 3851 1059 3904 eulosum
1075 3853 1141 3904 loret
1156 3871 1162 3904 :
1179 3871 1228 3905 nec
1244 3865 1381 3922 tantopere
1401 3851 1460 3901 ini·

388 3949 439 3982 nus
452 3947 484 3982 ex
497 3927 633 3982 Herodoto
648 3943 743 3984 umet.
942 3931 1038 3982 micum
1048 3930 1231 3995 odissedecet,
1242 3931 1377 3984 uteumin
1390 3931 1463 3983 ami·

430 4029 455 4061 a.
470 4009 531 4061 Bias
544 4007 695 4064 automVid.
709 4009 816 4064 Aristot.
826 4010 897 4062 llbe-
941 4010 1046 4070 citiam,
1064 4011 1085 4062 si
1095 4011 1303 4064 reconciliationi
1318 4011 1392 4062 loeus
1408 4008 1462 4062 da-

390 4101 443 4144 tor.
454 4089 502 4142 lib.
519 4089 554 4140 Π.
942 4102 999 4154 tur,
1012 4090 1129 4160 recipere
1144 4109 1198 4142 non
1212 4090 1352 4162 possimus.
