3178 5150
361 553 434 630 2'22
496 548 697 616 EPITOME
726 535 1045 624 DE⁴NOM1NUM
1072 546 1282 617 RATIONE.

358 681 543 753 ximusxqunm
555 689 675 748 caperet,
692 694 746 728 nort
759 695 807 729 suo
823 695 871 728 no·
917 677 1072 748 rogiyphise
1083 678 1288 749 significabatur.
1304 678 1430 732 catassa-

360 759 445 824 mine,
463 755 508 811 ssd
529 759 635 810 Amatae
647 775 741 810 vocare
762 756 870 810 solebat.
916 769 969 809 tem
984 776 998 809 a
1008 757 1117 828 guadiu-
1133 759 1260 836 Titoque
1276 759 1434 836 Titianum·¹

359 838 432 902 Quin
454 850 482 890 et
500 856 609 908 sponsa,
633 837 696 889 item
715 835 871 890 Plutarchus
916 838 990 888 tando
1006 849 1170 910 nuncupatos
1188 837 1294 903 volunt,
1316 851 1346 890 ut
1367 853 1428 891 ante

359 924 484 980 testatur,
507 914 682 988 adspersum
701 913 872 980 deducta,et
915 915 1017 970 dictum
1037 929 1100 970 est:
1121 933 1179 988 que
1198 916 1300 971 ideireo
1319 919 1427 971 nomina

343 997 459 1069 'profari
469 999 554 1067 jussa,
574 997 615 1049 his
628 995 714 1049 verbis
731 1015 791 1048 eum
805 995 870 1048 ullo·
914 997 1080 1050 habebantur
1090 997 1237 1067 suspirate,
1249 1010 1279 1052 ut
1289 1009 1318 1051 et
1328 1017 1425 1068 cogno-

354 1077 406 1148 ·qui
423 1076 503 1130 solet:
525 1075 573 1128 tltt
593 1088 619 1128 tu
636 1076 718 1134 Caius,
737 1096 781 1144 ego
797 1076 869 1129 Cuia.
914 1095 974 1128 men
995 1076 1098 1128 Probus.
1116 1080 1203 1148 Atque
1220 1077 1270 1129 ista
1287 1079 1426 1130 oemsione

357 1156 510 1216 itascilicet
527 1153 561 1208 de
579 1152 735 1226 paciscendo
750 1156 869 1208 fortuna·
913 1155 1029 1208 fortassis
1045 1157 1082 1208 its
1104 1175 1154 1209 usn
1174 1156 1280 1227 vulgata
1293 1170 1369 1224 sunt,
1395 1172 1426 1211 ut

359 1253 419 1288 rum
438 1235 644 1306 facultatumque
658 1235 779 1288 omnium
797 1253 869 1287 com·
910 1235 1092 1304 jurissonsulti
1110 1237 1138 1287 in
1158 1236 1212 1288 suis
1228 1237 1335 1308 scriptis
1348 1256 1426 1308 qnos·

358 1316 531 1379 munionem,
550 1315 622 1386 quasi
640 1312 758 1368 diceret:
774 1315 828 1367 Ubi
839 1327 869 1368 tu
912 1332 1025 1386 cumque
1045 1315 1100 1368 fere
1119 1315 1204 1379 viros,
1218 1317 1259 1368 vel
1278 1315 1366 1381 catus,
1381 1319 1422 1370 vei

358 1393 483 1448 dominas
503 1412 533 1447 ae
550 1395 644 1455 harus,
660 1413 709 1465 ego
722 1391 869 1447 deminuet
917 1396 993 1446 Titus
1014 1395 1184 1466 appellarint,
1206 1409 1232 1447 et
1245 1414 1424 1467 quascumque

358 1475 421 1528 here
435 1492 441 1526 :
454 1474 504 1526 ubi
526 1487 556 1527 tu
575 1471 717 1544 gaudebis,
738 1491 785 1545 ego
804 1491 868 1544 gnu-
912 1473 1050 1538 mulieres,
1062 1474 1186 1527 Cuiasvel
1198 1475 1379 1547 Titias5quum
1387 1476 1423 1530 de

357 1551 869 1625 deb0.Qusmpsritstemconjugiidu0-
911 1554 1096 1607 oontmversiis
1117 1554 1187 1607 inter
1208 1573 1334 1625 personas
1357 1557 1422 1610 ortis

355 1634 407 1687 isus
425 1633 596 1686 semieirwiis
610 1633 746 1704 signarunt
756 1634 869 1704 untiqui-
910 1632 1058 1700 disserunt,
1071 1647 1106 1686 ¹et
1127 1652 1201 1687 cesus
1214 1635 1330 1706 exempli
1344 1655 1419 1690 causa

357 1725 416 1780 tus,
435 1713 475 1766 uti
491 1711 585 1766 dexter
605 1712 748 1778 maritum,
762 1713 868 1767 sinister
910 1727 1073 1786 proponunt.
1087 1715 1168 1766 Pseu.
1182 1713 1268 1766 Caram
1279 1735 1367 1768 essese
1382 1718 1420 1768 di·

356 1811 466 1846 uaorem
487 1805 663 1863 representet.
684 1793 739 1858 Qui
752 1793 867 1865 conjugii
910 1807 988 1846 serem
1003 1794 1037 1847 C.
1051 1795 1119 1846 Titii.
1141 1793 1225 1846 Multa
1241 1795 1286 1847 hic
1304 1793 1422 1867 disputat

355 1873 867 1944 sopulaeonnexicirnuiumsbsolvunt,
898 1873 1018 1944 ,Pighius
1038 1886 1068 1926 ut
1086 1873 1182 1944 probet
1196 1887 1267 1926 recte
1282 1874 1327 1928 hic
1341 1878 1419 1930 scribi

356 1951 385 2004 id
397 1965 451 2010 est,
467 1969 524 2005 rem
534 1953 658 2005 omnibus
671 1953 789 2006 numeris
798 1953 866 2006 inte·
911 1953 968 2006 Caii
979 1953 1046 2006 Titii.
1054 1953 1112 2024 Ego
1122 1954 1420 2008 tamenmalimcsedere

354 2032 865 2102 gramstabsolutisaimsmconstituunt.
909 2033 1019 2086 omnino
1031 2030 1144 2086 delenda
1154 2035 1209 2086 haec
1218 2053 1273 2088 esse
1282 2054 1344 2088 cum
1350 2037 1419 2090 snti-

353 2112 426 2164 tum
438 2111 467 2164 ni
481 2111 573 2177 failor,
590 2124 678 2164 ortum
694 2125 744 2179 eat,
758 2124 788 2164 ut
798 2111 865 2164 anti-
908 2114 967 2183 quis
982 2110 1045 2166 edd.
1061 2125 1087 2165 et
1104 2111 1164 2165 cod.
1177 2112 1234 2166 MS.
1251 2115 1416 2186 Copesiuno,

354 2191 401 2261 qni
410 2207 579 2262 praenomen,
596 2190 684 2251 Caius,
696 2193 728 2246 C.
738 2205 775 2252 et,
788 2191 861 2250 caia,
908 2193 955 2244 ubi
965 2193 1069 2244 dicerent
1081 2192 1174 2246 ultima
1184 2205 1224 2244 est
1238 2193 1319 2265 hujus
1331 2197 1416 2266 epito-

354 2270 429 2322 iiteru
444 2267 537 2322 eadem
551 2269 671 2334 inversa,
686 2270 723 2322 sic
737 2276 774 2336 0,
789 2283 864 2324 nota·
907 2289 963 2324 mes
976 2289 1036 2324 vox.
1052 2273 1087 2324 Et
1094 2290 1177 2342 quum
1186 2285 1239 2324 tam
1249 2275 1326 2328 multi
1335 2273 1416 2328 trudi-

353 2348 421 2414 rint3
441 2367 500 2419 quae
517 2347 646 2401 oireulum
661 2351 759 2420 juncte
769 2351 865 2404 consti
896 2349 996 2404 derint
1010 2351 1067 2404 haec
1085 2349 1120 2403 de
1136 2350 1212 2412 Cuia,
1232 2371 1311 2406 nemo
1327 2367 1414 2407 tamen

353 2439 449 2488 munt,
464 2425 611 2498 eodemque
628 2426 755 2490 mundus,
771 2432 864 2499 conju·
907 2427 996 2493 addit,
1007 2429 1096 2484 dicere
1108 2431 1196 2484 solitas
1208 2433 1348 2500 mulieres,
1360 2453 1414 2486 mse

351 2506 442 2576 gium,
458 2507 608 2577 generatio,
620 2519 648 2561 et
663 2509 793 2562 eternitas
805 2509 863 2562 hie·
906 2527 935 2562 se
949 2511 1023 2562 Cuius
1038 2509 1069 2562 C.
1083 2511 1152 2566 Titii.
