3152 5134
382 533 429 576 πο
550 505 776 574 vittati
808 503 1012 570 Maxim
1047 503 1141 572 Lttt
1177 505 1266 572 V11.

378 642 454 708 dani
471 637 706 730 Carthaginem
721 649 907 704 erecturus.
920 635 988 722 Qui
1000 659 1102 728 quum
1116 635 1257 728 imperio
1270 651 1308 704 ut
1322 636 1434 706 eeleri-

378 761 448 830 ter,
462 745 508 814 ita
526 742 695 836 longinqui
707 757 742 810 et
759 739 933 835 periculosi
947 738 1023 808 belli
1041 755 1192 834 reapecui
1207 741 1350 812 sollicitis
1364 747 1434 812 ani-

379 853 440 920 mis
458 850 659 944 panuissent3
681 853 850 916 remittere
866 872 904 916 se
922 847 1033 939 Scipio
1049 847 1145 915 etiarn
1163 848 1431 942 expeditionem,

376 963 519 1025 siarum
528 970 563 1024 et
575 978 679 1048 equos
688 953 850 1022 medabus
861 957 931 1022 suet
943 952 1080 1022 tradere
1092 952 1306 1039 vaurum,
1322 955 1433 1024 edixit

378 1064 501 1156 Rapuit
522 1059 744 1130 conditionem
767 1057 966 1128 imbellione
989 1057 1102 1128 timida
1118 1059 1293 1151 juventus,
1314 1065 1434 1130 instru-

377 1165 573 1261 mentoque²
592 1191 653 1234 suo
668 1164 788 1260 cupide
803 1168 923 1234 nostris
935 1166 1040 1233 oessit
1059 1167 1150 1257 Ergo
1167 1165 1325 1235 mlliditas
1342 1167 1435 1235 ducis

377 1274 539 1367 providit,
558 1287 613 1356 ut,
635 1270 768 1364 siquod
787 1272 937 1364 protinus
953 1273 1188 1364 imperaretur,
1208 1295 1309 1366 grave
1327 1275 1434 1366 prius,

375 1379 492 1450 deiude
515 1380 651 1448 remisso
672 1375 794 1447 militiae
810 1391 901 1445 metu
917 1377 1099 1446 maximum
1120 1377 1315 1446 beneficium
1332 1378 1433 1447 lieret

429 1508 461 1588 lq.
484 1501 586 1592 Quod
608 1503 757 1594 sequitur
777 1498 978 1568 narrandum
1001 1485 1091 1566 eet³:
1109 1501 1151 1588 Q
1173 1501 1292 1569 Fabius
1309 1501 1435 1586 Labeo,

304 1675 306 1680 ,
375 1611 530 1679 arbitera
551 1622 666 1676 senatu
681 1606 796 1674 linium
811 1603 1116 1674 constituendorum
1134 1608 1219 1673 inter
1238 1605 1386 1676 Nolanos
1401 1621 1436 1674 et

373 1713 610 1809 Neapolitanos
637 1713 757 1799 datur,
777 1736 879 1805 quum
909 1713 943 1778 in
969 1735 1037 1778 rem
1060 1727 1252 1804 presentem
1276 1715 1435 1798 venisset,

374 1837 532 1914 utrosque
557 1821 732 1913 separatim
760 1819 909 1902 monuit,
936 1832 974 1884 ut
1002 1823 1130 1885 omissa
1155 1818 1362 1914 cupiditate,
1383 1843 1433 1886 re

371 1928 475 2022 gredi
486 1927 586 1995 niodo
603 1911 850 2009 commend,
869 1947 974 2016 quam
984 1923 1155 2018 progredi
1164 1926 1324 2010 maeno
1337 1925 1435 2016 idque

373 2057 474 2127 quum
490 2047 630 2125 utraque
640 2055 717 2126 pars
731 2031 926 2098 auctoritate
942 2031 1004 2096 viri
1023 2043 1113 2096 mota
1130 2029 1275 2112 fecisset,
1289 2029 1435 2124 aliquan·

374 2153 443 2207 turn
470 2141 503 2205 in
522 2138 631 2206 medio
649 2137 743 2204 vacui
762 2138 833 2228 agn'
855 2133 1004 2202 relictum
1025 2148 1083 2202 est.
1103 2136 1299 2204 Constitutis
1317 2134 1435 2205 deinde

375 2245 511 2320 finibus,
529 2257 567 2310 ut
586 2245 646 2336 ipsi
665 2243 941 2325 terminaverunt,
962 2238 1122 2333 quidquid
1140 2239 1256 2336 reliqui
1275 2239 1335 2310 soli
1353 2241 1435 2324 luit,

374 2347 499 2444 populo
526 2371 665 2417 murano
694 2345 903 2440 adjudicavit.
934 2347 1100 2413 Caeterum
1130 2349 1191 2414 etsi
1220 2348 1435 2416 circumventi

375 2455 494 2526 Nolani
519 2479 557 2522 ac
581 2451 788 2547 Neapolitani
810 2453 902 2545 queri
926 2449 1006 2519 niliil
1036 2465 1232 2544 potuerunt,
1255 2452 1434 2522 secuudum

377 2657 482 2726 Lipsius
491 2654 569 2706 Milit.
583 2671 651 2704 rom.
664 2651 711 2704 lili.
725 2651 752 2702 11
761 2689 769 2716 ,
778 2648 840 2702 dial.
855 2655 887 2712 4,
930 2649 967 2702 tic
979 2649 1101 2702 trecentis
1108 2649 1202 2704 Siculis
1215 2652 1327 2706 Romani
1336 2653 1437 2724 equites

283 2745 286 2752 ’
378 2735 411 2790 ad
430 2735 579 2806 Scipionem
593 2730 765 2802 posteriorem
778 2748 810 2781 ex
823 2747 886 2781 con·
930 2728 1062 2780 substituti
1079 2729 1383 2802 siuepubliraimpensa.

377 2819 477 2889 jectura
490 2813 580 2864 relert.
597 2807 661 2862 Vid.
674 2809 765 2861 Festus
778 2807 812 2860 de
824 2825 888 2879 pre·
972 2826 998 2858 a.
1014 2807 1179 2862 Instrumenta
1189 2809 1267 2863 Multi
1277 2810 1337 2864 libri
1348 2817 1433 2862 t'mtru·

381 2889 768 2948 militatione-Amana.
782 2887 888 2958 Aliquot
931 2897 1017 2938 menta.
1038 2888 1188 2959 Utrumque
1214 2909 1276 2942 vero
1299 2891 1434 2962 probum:

382 2975 455 3028 MSS.
470 2973 568 3025 liabent
580 2970 727 3022 ederem.
738 2968 815 3020 Male.
827 2969 889 3020 Aoe-
930 2967 1011 3018 cedere
1021 2968 1095 3020 alicui
1110 2969 1203 3040 alequid
1207 3009 1215 3030 ‚
1231 2983 1257 3022 et
1271 2970 1351 3022 eedem
1363 2971 1437 3022 elini

382 3056 436 3106 tm
455 3067 482 3106 et
497 3051 610 3102 advehere
631 3049 724 3122 sepius
742 3067 757 3100 ι
776 3046 890 3099 librariis
930 3047 1012 3116 alique
1025 3067 1058 3098 re.
1071 3045 1221 3118 supn,1v
1229 3089 1237 3114 ,
1257 3062 1352 3114 i,ext.
1368 3068 1394 3117 7.

383 3143 540 3186 commutata
550 3124 838 3201 perpertmeatedocet
848 3126 888 3179 Cl.
972 3125 998 3178 3.
1020 3126 1174 3178 Numidam
1189 3140 1233 3180 est.
1248 3131 1289 3180 An
1312 3129 1345 3180 U·
1367 3129 1434 3196 569.

385 3209 618 3265 Dmleuhorchiur
632 3206 665 3258 ad
685 3207 734 3259 Sil.
753 3207 804 3268 tv,
821 3207 888 3258 318.
930 3204 1436 3270 cimiter.cic.0tt.1,ro.ttiim

428 3309 453 3346 ι.
467 3289 571 3341 Tradere
576 3287 712 3338 volumem.
722 3284 891 3338 liuueleotio·
931 3285 986 3336 da
995 3302 1086 3356 qwque
1096 3300 1138 3338 est.
1148 3287 1258 3340 Prome
1266 3297 1360 3358 parter
1367 3305 1434 3340 rem.

384 3389 445 3422 nem
462 3367 594 3422 revomit
611 3365 725 3416 Torren.
738 3365 891 3416 auctoritate
932 3365 1100 3418 Dicitauctor
1109 3363 1252 3419 admodum
1266 3365 1435 3437 simpliciter,

385 3441 891 3514 omniurnantePig.editlouumetduo·
931 3445 997 3515 quod
1009 3449 1115 3515 sequitur
1126 3447 1269 3497 amdam
1283 3458 1331 3510 est,
1343 3444 1370 3497 id
1384 3457 1435 3510 eet,

386 3523 890 3594 decimMSS.,eatqueformulamlennia
931 3527 1094 3593 proetemuitti
1107 3543 1161 3576 non
1175 3538 1274 3596 potest,
1285 3523 1363 3576 debet
1374 3543 1436 3576 nar·

385 3605 546 3668 edictorum,
561 3604 600 3666 11,
618 3609 649 3665 4,
666 3621 692 3664 a,
708 3602 775 3653 ludos
786 3614 890 3670 spectare
931 3603 1436 3676 reri,quouiamvel'rnmestqtumma·

386 3681 890 3752 vellet-EdixinQnieumqueSiculo·
931 3683 1008 3736 xime.

387 3782 446 3816 rum
461 3763 573 3814 militare
587 3761 683 3823 nollet,
693 3779 780 3822 anna,
793 3778 890 3830 equum
974 3769 1000 3826 4.
1023 3762 1185 3815 Contmvem.
1201 3761 1288 3815 Modus
1302 3773 1437 3812 controver-

386 3857 529 3911 cieteraqne
544 3843 713 3892 instrumenta
727 3841 826 3891 militie
837 3851 890 3894 tra·
932 3861 984 3900 sm,
1000 3843 1051 3894 hoo
1064 3843 1123 3894 looo
1138 3856 1176 3894 eit
1188 3861 1247 3913 pm
1259 3841 1328 3912 egri,
1339 3839 1436 3912 deque

387 3921 461 3976 deret
477 3919 581 3973 cuidam
600 3921 734 3982 Romano,
748 3920 793 3988 qui
809 3921 889 3972 vioem
932 3921 1068 3991 litigatum.
1085 3920 1134 3973 Ed.
1145 3935 1197 3974 vet
1213 3921 1289 3974 habet
1300 3921 1370 3972 modo
1379 3940 1437 3972 cou-

386 4006 442 4074 ejua
452 3999 566 4072 expleret
576 3997 777 4068 inexpeditione
786 3999 890 4068 pericu·
933 4013 1047 4065 moerin,
1056 3999 1083 4052 id
1097 3999 1337 4062 estmntnmmodn
1348 4017 1438 4070 regre-

386 4084 440 4135 loea
455 4093 482 4133 et
497 4078 677 4132 malumminat.
693 4079 782 4142 Quum
798 4095 889 4131 omnes
931 4078 1058 4134 derentm·
1070 4099 1086 4134 a
1097 4081 1160 4133 locie
1172 4081 1238 4144 illis,
1247 4097 1305 4151 qua
1318 4081 1386 4132 inter
1397 4079 1438 4149 ip-

386 4163 453 4214 hane
461 4157 639 4214 omninum
647 4155 722 4210 eride
730 4157 888 4228 arriperent,
933 4177 974 4212 eos
984 4173 1150 4214 controverti
1162 4172 1255 4212 eruent.
