3152 5134
321 436 329 444 ·
365 515 411 556 22
538 489 764 555 VALERll
792 488 997 555 mixtur
1029 489 1125 556 LlB.
1158 489 1248 554 vll.

364 621 638 713 Obtemperatum
655 622 794 712 imperio
808 635 865 688 est
885 619 949 688 Sed
965 619 1044 686 dum
1060 618 1275 688 adolescentis
1285 617 1419 688 dextere

365 727 460 792 irrito
477 750 511 792 se
529 724 641 794 labore
659 726 790 818 fatigat,
805 727 896 794 senio
910 725 1062 793 confecta
1075 749 1191 794 manus
1204 727 1418 794 ministerium

365 845 543 923 exsequuta
566 847 624 900 est.
645 833 740 900 Tunc
760 831 908 898 barbare
928 833 1101 914 concioni,
1120 855 1278 924 quorsum
1302 855 1341 898 ea
1367 855 1419 899 res

365 937 530 1018 tenderet,
554 961 753 1029 cognoscem
781 939 949 1030 cupienti,
975 937 1114 1029 subjecit
1139 963 1147 1003 :
1174 939 1286 1030 «Equi
1307 936 1420 1004 caud:

365 1042 567 1112 consimilem
589 1067 659 1110 esse
675 1042 845 1110 nostrum¹
863 1044 1059 1126 exercitum,
1073 1043 1167 1134 cujus
1183 1057 1293 1135 partes
1306 1041 1420 1135 aliquis

364 1148 556 1240 aggrediens
570 1151 757 1241 opprimere
770 1151 872 1242 possit
890 1175 899 1214 ε
921 1151 1110 1216 universum
1123 1163 1261 1216 conatus
1275 1162 1419 1242 proster-

365 1279 460 1334 nere,
472 1253 609 1322 celerius
623 1253 792 1322 tradiderit
804 1255 989 1336 victoriani,
1000 1277 1099 1346 quarn
1110 1255 1355 1348 occupaverit»
1368 1255 1421 1320 lta

366 1383 446 1451 gens
468 1360 625 1440 barbara,
647 1383 779 1452 aspera,
798 1375 832 1428 et
849 1363 918 1452 regi
935 1358 1094 1444 difficilis,
1113 1361 1148 1426 in
1167 1361 1301 1428 exitium
1324 1383 1421 1426 suum

365 1489 480 1548 ruens,
495 1489 594 1556 quarn
609 1464 781 1534 utilitatem
794 1465 929 1534 nuribus
940 1480 1126 1558 respuerat,
1135 1464 1239 1532 oculis
1251 1461 1421 1558 pervidit².

421 1619 453 1687 7.
477 1596 603 1672 Fabius,
615 1611 723 1663 autem
743 1582 936 1682 Illarimus³‚
955 1597 1048 1690 cujus
1069 1621 1137 1663 non
1157 1595 1331 1680 dimicare,
1351 1597 1421 1662 rin-

367 1725 442 1768 cere
459 1701 540 1784 fuit,
558 1726 660 1792 quurn
682 1705 853 1795 praecipuae
872 1701 1070 1769 fortitudinis
1090 1701 1255 1768 Nolanum
1277 1699 1421 1794 peditem

367 1805 467 1872 dubia
489 1805 554 1873 lide
572 1821 778 1900 suspectum,
799 1821 833 1874 et
852 1821 992 1875 suenum
1011 1831 1120 1900 operae
1142 1811 1312 1874 Lucanum
1327 1809 1421 1900 equi-

368 1900 454 1978 tem⁴
470 1935 582 1980 amore
597 1915 696 1979 scorti
711 1913 918 2006 deperditum
933 1914 966 1978 in
985 1915 1099 1981 castris
1113 1912 1264 1997 heberet,
1279 1926 1317 1980 ut
1332 1927 1422 1979 utro·

367 2039 431 2108 que
453 2019 561 2110 potius
583 2017 672 2085 bono
690 2018 791 2086 milite
806 2031 970 2103 uteretur,
984 2043 1082 2110 qnam
1104 2021 1137 2085 in
1156 2031 1334 2110 utrumque
1353 2019 1422 2084 ani·

368 2121 609 2206 mationem,
639 2122 731 2190 alteri
757 2125 976 2216 suspicionem
1005 2147 1097 2190 suam
1128 2121 1362 2208 dissimulavit,
1389 2125 1422 2188 in

368 2226 472 2292 altero
488 2226 691 2320 disciplinam
711 2226 879 2321 paululum
897 2252 916 2295 a
935 2243 1025 2297 recto
1047 2243 1161 2297 tenore
1180 2229 1329 2314 deflexit3
1346 2251 1423 2294 nam

371 2328 460 2398 illum
484 2332 579 2423 plene
599 2360 661 2426 pro
680 2333 833 2400 tribunali
852 2333 1032 2418 laudando,
1053 2335 1209 2427 omnique
1228 2357 1346 2426 genere
1363 2333 1423 2400 ho·

369 2438 459 2504 noris
480 2441 728 2530 prosequendo,
754 2441 900 2506 animum
921 2463 1016 2506 suurn
1032 2465 1052 2506 a
1066 2441 1175 2507 Poenis
1196 2438 1237 2506 ad
1256 2441 1425 2508 Romanos

370 2545 478 2635 coegit
497 2567 653 2611 revocare
672 2571 679 2610 :
699 2558 731 2612 et
750 2545 838 2611 lrunc
860 2543 943 2611 elam
961 2547 1166 2612 meretricem
1186 2545 1345 2612 redimere
1356 2567 1425 2638 pas·

371 2671 440 2732 sus,
459 2651 699 2740 paratissimum
718 2674 780 2743 pro
800 2651 893 2718 nobis
913 2637 1146 2718 excursore1n⁵
1169 2649 1319 2718 reddidit.

369 2871 471 2928 partes,
486 2863 562 2928 carpi.
583 2861 615 2910 ln
631 2857 741 2910 rudibus
756 2859 876 2912 hunini-
921 2857 1108 2928 Supra,V11,
1122 2860 1155 2922 3,
1172 2877 1202 2922 r,
1219 2860 1298 2910 uda
1313 2869 1425 2910 mm.

369 2938 418 2988 bns
440 2950 497 2989 acta
519 2939 662 3007 symbolica
683 2949 709 2989 et
730 2938 797 2999 alia,
818 2955 877 3007 qne
961 2938 1425 3009 2.Pmudr't.l³anci,pmidit,uuus‚

369 3034 417 3088 per
437 3035 526 3070 sensus
545 3019 616 3070 visin
631 3014 752 3088 pandunt
773 3015 806 3068 ad
821 3017 878 3068 ani·
916 3017 1191 3088 prendeperpmm.

371 3115 461 3160 nrum,
471 3115 592 3167 magnam
605 3097 657 3147 rim
672 3107 804 3148 exserunt.
820 3096 878 3146 Mc·
961 3095 988 3146 3.
1009 3095 1137 3148 ,unc-u.
1147 3099 1197 3148 An.
1208 3097 1244 3148 U.
1257 3097 1309 3164 ⁵37
1321 3107 1346 3146 et
1360 3095 1424 3156 544.

371 3175 538 3239 minerimus,
550 3193 609 3246 que
621 3173 691 3245 apud
699 3175 805 3226 Grncos
812 3175 877 3226 olim
920 3174 978 3224 Lir.
994 3175 1103 3236 mr,
1119 3175 1168 3238 15,
1181 3173 1215 3228 de
1228 3174 1351 3226 Marcello
1363 3191 1427 3225 nar-

369 3255 453 3316 tacu,
469 3272 518 3306 nec
540 3272 611 3318 non,
628 3271 687 3323 qua
708 3255 794 3322 Cyrus
808 3254 878 3306 inter
919 3264 961 3304 rat
978 3252 1058 3306 idern.
1077 3253 1211 3306 Plutarch.
1226 3256 1252 3306 iu
1266 3253 1347 3304 Fabio
1361 3269 1427 3304 con·

369 3333 460 3384 Persas
472 3344 532 3383 ante
547 3330 726 3400 expeditiones
741 3350 799 3384 suas
810 3333 877 3384 tece-
919 3333 991 3402 μὴ
1006 3333 1121 3384 Valerio.

369 3412 415 3462 rit.
428 3411 468 3462 De
478 3409 596 3462 Sertorio
602 3409 656 3461 vid.
667 3411 746 3461 etiarn
752 3410 878 3476 Gellium,
962 3418 988 3474 4.
1004 3413 1124 3483 Equsm.
1139 3412 1231 3464 Livius
1242 3430 1301 3463 eum
1314 3411 1346 3462 L.
1359 3411 1428 3462 Ban-

372 3490 425 3540 XV
430 3527 439 3552 ‚
450 3509 494 3542 ss.
510 3489 713 3541 Mansuefsctanr
722 3507 826 3542 mrum
838 3509 877 3542 se·
921 3490 987 3542 tium
1004 3503 1089 3542 vocnt.
1100 3521 1139 3532 -
1148 3491 1312 3560 Dependitu.
1326 3488 1358 3541 ld
1372 3501 1428 3554 est,

372 3589 433 3622 curn
444 3566 616 3639 dmir‚quam
627 3587 640 3618 a
651 3567 815 3622 Dianadono
828 3569 878 3620 sihi
920 3570 966 3639 qui
978 3582 1094 3622 scortum
1105 3569 1331 3622 vehementissime
1343 3566 1376 3619 sd
1386 3570 1428 3621 in·

373 3647 459 3700 datam
466 3648 878 3718 simulabauaqnatamquamab
920 3648 1019 3700 ssniarn
1035 3667 1116 3718 nsque
1131 3650 1242 3701 amabat.
1258 3679 1297 3690 —
1311 3647 1428 3716 Desbsu.

369 3730 431 3798 ipso
442 3727 551 3778 nurnine
566 3725 719 3790 doceretur,
733 3726 798 3797 quid
812 3746 878 3798 opus
921 3725 1016 3778 Fabius
1032 3725 1197 3798 disciplinam
1215 3746 1230 3778 a
1244 3738 1315 3778 recto
1334 3737 1430 3779 tenore

371 3806 523 3860 ersetlactn.
533 3807 628 3868 Quare
639 3807 780 3858 indomitos
788 3807 879 3858 barba·
920 3806 1028 3874 deflexit,
1036 3823 1117 3875 quum
1126 3807 1339 3876 perrnitteret,ut
1347 3823 1430 3876 eques
1474 3813 1478 3820 '

372 3905 417 3938 ros
428 3885 502 3937 facile
515 3883 587 3936 dicto
597 3885 658 3936 lecit
670 3898 798 3955 parentes.
921 3885 1096 3946 meretricem,
1111 3903 1125 3936 a
1140 3886 1235 3938 lenone
1249 3881 1430 3954 redemptam,

415 3965 568 4018 ruvirum.
576 3965 615 4015 lta
621 3963 876 4018 exduodecimMSS.
920 3963 948 4014 in
963 3963 1053 4015 castris
1065 3964 1182 4016 haberet.

370 4044 643 4097 restituitTorrenius.
656 4044 733 4114 Pigh.
742 4041 817 4096 dedit
827 4043 877 4094 Ilo·
963 4043 988 4094 ⁵.
1005 4043 1171 4095 Eccursorerrr.
1187 4043 1249 4106 Quo
1265 4053 1385 4094 uteretur
1399 4043 1429 4094 in

371 4142 504 4186 mirari,
514 4120 587 4195 qnod
600 4123 683 4192 glossa
695 4135 816 4176 exortum
829 4134 875 4174 est.
920 4121 1039 4174 hostibus
1051 4120 1217 4192 explorandis
1227 4118 1394 4173 vexandisve.
