3208 5174
380 433 426 504 7²
516 406 741 476 VALERII
768 407 976 476 MAXIMI
1003 408 1101 476 LIB.
1129 409 1250 476 VIII.

378 553 530 634 peratum
549 565 569 608 a
590 537 728 634 collegio
749 537 933 633 augurum¹
954 551 1035 607 erat
1056 542 1086 608 A
1106 539 1224 634 quibus
1243 539 1455 635 Calpurnius

378 645 530 716 demoliri
553 646 689 716 domum
710 659 864 733 coactus,
883 647 930 714 Μ.
952 647 1106 715 Pomium
1130 649 1309 734 Catonem,
1331 647 1453 744 inclyti

380 754 516 828 Catonis
530 767 675 847 putrem,
689 753 849 822 arbitrum
866 751 1006 822 Claudio
1022 750 1176 841 addixit',
1200 767 1234 822 et
1250 751 1451 842 formulam,

379 881 558 941 Quruoum
577 883 645 930 sun
667 884 763 930 utun
786 883 920 928 riorus
939 883 1146 930 orournuur
1166 883 1212 928 ux
1235 885 1316 930 suun
1342 885 1450 932 sous.

377 965 464 1034 Cato
479 979 517 1034 ut
529 979 579 1036 est
592 965 746 1055 edoctis,
761 965 802 1034 do
816 965 978 1034 industria
988 964 1164 1034 Claudium
1182 965 1326 1036 edictum
1342 991 1453 1038 sacer·

377 1070 492 1142 dotum
509 1076 744 1168 suppressisse,
758 1073 917 1141 continuo
934 1070 1027 1141 illum
1045 1060 1249 1166 Calpurnio³
1264 1073 1450 1144 damunvit

378 1181 515 1248 Summa
536 1180 669 1274 quidem
686 1203 762 1250 cum
784 1180 936 1274 equitate
951 1205 961 1268 ;
979 1179 1055 1274 quin
1076 1179 1172 1250 boun
1192 1179 1270 1250 fidei
1287 1181 1451 1252 vendito·

378 1309 465 1373 rem,
477 1311 539 1355 nec
549 1286 800 1356 commodorum
813 1273 922 1381 spem⁴
934 1311 1071 1382 augere,
1081 1311 1143 1356 nec
1155 1287 1451 1358 incommodorum

379 1394 602 1486 cognitionem
625 1393 803 1462 obscurare
825 1407 967 1487 oportet.

435 1535 467 1580 n.
482 1513 610 1580 Notum
625 1513 690 1581 suis
706 1512 911 1607 temporibus
919 1511 1080 1606 judicium
1093 1515 1353 1583 commemoraui
1366 1539 1374 1580 :
1387 1515 1452 1583 sed

380 1639 461 1704 nec,
480 1617 569 1710 quod
587 1616 749 1687 relaturus
769 1617 901 1712 quidem
920 1644 1016 1704 sum,
1039 1617 1249 1688 obliteratum
1272 1635 1323 1690 est
1341 1619 1451 1688 silen-

379 1723 426 1789 tio
436 1708 456 1789 ⁵.
476 1725 514 1792 C.
532 1723 683 1794 Visellius
699 1727 824 1812 Varro,
842 1727 936 1818 gravi
953 1725 1071 1795 morbo
1088 1738 1279 1820 correptus,
1296 1741 1451 1796 trecente

377 1927 465 1992 pusulo
480 1925 593 1980 Murrio.
603 1927 682 1980 Hune
696 1926 791 1997 sepius
803 1925 891 1978 nomi·
933 1945 963 1980 ee
973 1925 1041 1979 illud
1049 1938 1194 1998 praetorum
1201 1926 1319 1991 dv,dioo‚
1328 1923 1452 1993 addim),

379 2017 487 2056 neverat
502 2009 637 2062 Sallustius
651 2008 678 2058 in
689 2005 807 2058 historie.
822 2005 890 2060 Hinc
933 2006 975 2059 vel
990 2025 1005 2058 e
1025 2006 1200 2060 conventione
1219 2006 1383 2077 litigatorum
1400 2026 1451 2060 su-

380 2083 539 2154 Cnlpurnius
560 2086 729 2140 Sallustianus
745 2085 891 2156 appelletur
934 2087 1083 2140 mebnutur.
1095 2117 1135 2129 -·
1152 2085 1288 2158 oporteret.
1304 2087 1342 2138 Et
1349 2089 1452 2154 fores*

347 2155 350 2167 ¹
380 2161 584 2240 abHieronymo
593 2163 892 2238 llpolog.adversusllu·
934 2166 997 2231 hm,
1014 2165 1131 2238 quidquid
1142 2197 1184 2209 ·-
1195 2187 1225 2217 ee
1231 2163 1285 2236 fide
1299 2165 1369 2218 bona.
1381 2165 1452 2220 Hac

379 2245 472 2300 linum.
933 2245 1011 2298 lectio
1026 2245 1148 2316 arighis
1163 2257 1217 2312 est,
1232 2265 1313 2317 quem
1326 2245 1372 2300 ulii
1387 2243 1451 2298 edi·

424 2347 448 2381 1.
463 2330 599 2396 Augurum.
613 2326 745 2394 Augures,
754 2341 838 2394 quum
848 2341 890 2376 oe·
933 2338 1003 2378 tores
1015 2327 1119 2396 sequuti
1132 2338 1207 2392 sunt3
1222 2325 1289 2379 olim
1300 2345 1363 2380 vero
1373 2326 1451 2395 lege·

380 2421 474 2480 pereut
495 2405 626 2478 suspicis,
649 2405 678 2456 in
697 2421 758 2455 saxo
779 2403 891 2474 Tarpeio
932 2405 1028 2469 batur,
1044 2417 1073 2456 ut
1081 2405 1214 2472 formulam
1227 2406 1309 2468 daret,
1326 2405 1386 2478 qru'd
1397 2406 1452 2458 sibi

380 2485 555 2552 sedebant,et
571 2496 683 2556 quatuor
698 2481 726 2534 in
741 2481 891 2553 aerespatia
933 2485 963 2536 de
975 2505 1004 2536 ea
1019 2505 1044 2536 ue
1053 2487 1137 2552 secere
1146 2506 1186 2556 op.
1199 2505 1230 2537 es
1239 2488 1265 2553 f.
1280 2485 1303 2538 b.
1324 2487 1356 2537 Iu
1375 2503 1450 2538 non·

380 2566 600 2637 designabunt,in
613 2560 811 2632 oriente‚quod
824 2562 891 2614 nnti-
933 2564 1014 2617 nullis
1030 2565 1108 2617 etism
1124 2565 1154 2618 de
1173 2585 1202 2616 ea
1215 2585 1241 2617 re
1258 2565 1448 2632 autentum:

380 2644 620 2718 cemeppellebaut,
629 2645 656 2698 iu
666 2641 891 2711 oocidenteposti·
934 2643 991 2696 aliis
1006 2656 1045 2698 est
1057 2645 1127 2710 dari.
1139 2644 1167 2698 in
1180 2645 1236 2698 eliis
1252 2645 1336 2700 diter.
1345 2645 1449 2700 Tons-

381 2746 454 2790 cam,
470 2727 498 2778 in
512 2723 623 2778 meridie
639 2720 773 2786 dextrum,
792 2720 821 2772 in
836 2740 892 2792 sep-
933 2723 994 2775 nius
1002 2724 1119 2794 conjicit,
1126 2735 1154 2776 ut
1155 2725 1287 2790 jbmulam
1296 2725 1375 2785 daret,
1386 2725 1452 2798 quid

381 2806 522 2860 temtrione
531 2823 595 2858 vero
604 2803 745 2856 sinistram.
762 2801 796 2852 Et
808 2819 891 2870 quum
933 2801 980 2854 sibi
986 2801 1131 2869 dansacere
1141 2815 1260 2875 oporteret
1267 2803 1353 2875 enfide
1363 2803 1426 2856 dom
1434 2825 1447 2858 .·

380 2889 436 2944 haec
445 2885 635 2960 designassent,
644 2880 828 2954 concipiebant
837 2879 892 2932 nni·
933 2880 962 2934 id
973 2895 1024 2947 est,
1038 2883 1105 2935 Cato
1118 2885 1289 2937 constitueret
1303 2885 1447 2936 formulam

381 2999 441 3042 mu,
462 2991 520 3046 ques
538 2971 610 3042 signa
631 2963 702 3018 mitti
718 2961 832 3025 vellent,
848 2959 890 3012 vel
931 2957 1096 3031 judicialem,
1118 2962 1184 3035 quid
1208 2975 1343 3036 oporteret
1362 2965 1445 3017 Cleu-

380 3041 888 3120 vultures‚veleqnilss‚veloolumbas:
933 3039 1009 3093 dium
1031 3043 1116 3096 iecere
1141 3055 1220 3114 etque
1245 3055 1369 3116 prestere
1392 3043 1446 3114 ipsi

380 3137 444 3190 inde
455 3132 655 3204 exspectabant,
666 3119 798 3192 numquid
810 3137 890 3190 eppe·
933 3121 1088 3192 Calpurnio.
1100 3121 1164 3176 vid.
1178 3123 1294 3178 brisson.
1310 3123 1344 3176 de
1353 3123 1445 3176 Fortu.

379 3227 462 3278 reret3
476 3199 892 3284 quodsisppsmlsset‚existims·
933 3201 1034 3254 solens.
1047 3213 1176 3255 veterum.

380 3297 459 3358 bant,
473 3293 577 3366 placere
592 3285 663 3346 Diis;
681 3284 703 3335 si
720 3279 822 3344 minus,
835 3295 890 3330 nou
974 3283 1000 3335 3.
1019 3281 1158 3352 Calpurnio.
1172 3281 1205 3334 ld
1217 3295 1272 3347 est,
1285 3283 1315 3335 in
1327 3284 1444 3336 inurens

378 3375 492 3447 plaeere.
932 3359 1089 3433 Calpurnii(
1320 3427 1322 3432 Ι

424 3473 448 3505 2.
465 3447 569 3504 Claudio
581 3443 683 3496 addixit.
691 3439 781 3512 Vulgo
790 3439 891 3508 legebu-
975 3447 1000 3502 4.
1021 3441 1101 3512 Spem.
1121 3441 1241 3513 Uterque
1261 3441 1343 3495 heis
1363 3443 1443 3495 Bsrb.

381 3547 489 3586 turcum
505 3527 608 3582 Claudio
623 3522 732 3574 adduer't.
746 3517 797 3572 Sed
813 3519 888 3590 Pigb.
933 3519 1029 3590 Gopes.
1043 3523 1152 3591 speciae,
1163 3520 1236 3592 qnod
1246 3521 1442 3574 Torrenionou

381 3633 413 3667 ex
421 3599 889 3680 Csmp.Gembloc.Atreb.etCuucl1.
932 3596 1061 3670 displicet.
1077 3600 1182 3670 Speciem
1198 3621 1286 3672 augere
1302 3613 1343 3654 est
1358 3603 1444 3654 Iacere

380 3689 465 3747 edidit
481 3687 585 3740 Claudio
598 3683 712 3742 adduxit,
728 3678 800 3732 unde
814 3680 890 3749 Cujs·
932 3679 1108 3732 utoommode
1117 3679 1257 3734 videantur
1266 3683 1374 3752 mejore.
1384 3680 1441 3751 Spes

381 3775 436 3828 cius
450 3783 476 3822 et
488 3766 635 3820 brissonins
646 3759 681 3814 de
697 3763 785 3812 Form.
798 3759 890 3828 legunt
932 3771 959 3811 et
976 3763 1062 3830 species
1078 3761 1218 3833 sepissime
1236 3762 1264 3814 in
1285 3761 1362 3815 MSS.
1376 3779 1441 3813 oon·

383 3851 486 3908 Claudio
501 3847 605 3906 addixit,
618 3841 690 3915 quod
699 3839 822 3891 Vorenus
834 3838 889 3909 pri·
932 3837 1089 3894 finduntur.

380 3950 440 3987 mus
455 3933 483 3985 in
496 3941 597 3982 textum
609 3922 717 3994 recepit.
731 3921 815 3976 Bene,
828 3935 889 3970 uem
975 3919 1000 3972 ⁵.
1014 3920 1122 3973 Silentin
1136 3922 1186 3971 An.
1203 3921 1238 3972 U.
1256 3919 1313 3990 675
1327 3920 1440 3974 oiroiter.

379 4013 480 4084 judices
488 4029 534 4062 seu
545 4004 637 4059 arbitri
646 4000 773 4055 dicuntur
784 3997 888 4064 addicti,
932 3999 988 4054 ute.
1004 4000 1032 4053 in
1045 4001 1119 4053 Brut.
1135 4004 1181 4068 76.
1196 4001 1263 4052 Ilesn
1273 4001 1369 4052 silentio
1378 3993 1442 4052 οὐθ’-

384 4096 429 4164 qui
439 4093 481 4148 vel
495 4099 634 4161 spretore
647 4081 777 4137 dabuntur
790 4074 890 4150 (respi-
934 4090 1011 4132 terere
1022 4081 1101 4136 hebet
1115 4081 1223 4134 snos.
1238 4079 1329 4134 Tiber.
1347 4099 1390 4134 ss.

1576 354 1587 557 l

1581 620 1592 1005 l
