3110 5134
227 517 322 584 GAP.
343 511 431 600 vn,
447 513 520 582 DE
549 505 721 582 STUDIO
748 517 804 582 ET
831 513 1089 585 INDUSTRIA.
1145 540 1188 612 9¹

132 645 246 735 hebet,
265 661 450 740 temperato
473 649 559 714 inter
578 645 683 714 studia
703 671 769 716 non
792 647 1039 741 interpellandi,
1057 649 1113 718 sed
1128 651 1194 718 ine·

130 755 188 823 din
203 753 436 832 succurrendi,
448 751 577 837 officio,
588 751 755 820 dexteram
773 777 869 822 sunm
882 755 1195 825 necessariisusibus

129 861 273 953 aptabat.
289 862 381 952 Ergo
396 859 506 926 animo
520 857 752 926 tantummodo
766 859 837 926 vita
852 859 1040 945 fruebatur3
1056 885 1195 956 corpore

129 989 205 1034 vero
228 967 324 1058 quasi
345 964 452 1034 alieno
473 979 507 1032 et
525 986 730 1058 supervacuo
755 961 979 1034 circumdatus
999 982 1080 1035 erat.
1102 967 1194 1036 Idem

128 1091 201 1139 curn
222 1067 436 1165 Chrysippo¹
460 1069 706 1164 disputaturus,
731 1067 900 1140 helleboro
919 1095 954 1140 se
974 1085 1050 1142 ante
1068 1096 1191 1166 purga·

128 1177 200 1264 bat,
214 1177 259 1244 ad
277 1174 550 1274 exprimendum²
569 1175 734 1268 ingenium
755 1199 850 1245 suum
869 1177 1042 1262 attentius,
1061 1191 1094 1246 et
1109 1175 1193 1246 illius
1254 1246 1262 1267 s

129 1281 342 1352 refellendum
362 1284 489 1368 acrius3
509 1305 591 1375 quas
612 1283 762 1376 potiones
779 1281 939 1351 industria
961 1281 1071 1352 solide
1089 1280 1193 1352 leudis

128 1387 254 1482 cupidis
274 1388 376 1456 efficit
394 1387 605 1484 appetendas.

175 1493 210 1564 6.
224 1492 328 1582 Quali
341 1519 442 1588 porro
456 1493 565 1562 studio
582 1479 829 1586 Anaxagoram³
842 1491 995 1587 flagrasse
1008 1494 1194 1564 credimus?

128 1602 177 1692 qui
199 1623 306 1692 quum
331 1624 350 1667 e
372 1599 498 1668 diutina
522 1601 786 1695 peregrinatione
803 1586 815 1628 ⁴
833 1601 973 1692 patriam
1000 1603 1191 1695 repetisset,

131 1707 414 1800 possessionesque
428 1705 572 1776 desertas
588 1705 741 1792 vidisset,
752 1709 835 1774 Non
850 1727 976 1784 essem,
994 1708 1117 1800 inquit,
1127 1731 1191 1800 ego

128 1813 237 1880 salvias
241 1865 254 1898 ‚
274 1817 344 1880 rtisi
358 1818 643 1906 rstoeperiissent;
660 1835 777 1880 vocem
795 1813 906 1904 petitse
922 1814 1089 1906 sapientiae
1105 1838 1192 1882 com·

129 1931 234 2010 potem
246 1945 257 2005 ;
271 1941 369 2004 nam,
384 1920 409 1986 si
426 1918 623 2013 praediorum
637 1919 746 2012 potius
756 1945 767 2004 ,’
778 1940 878 2011 quam
897 1919 1038 2012 ingenii,
1053 1918 1191 1988 eulturae

129 2039 291 2110 vocasset,
310 2023 462 2092 dominus
485 2026 532 2092 rei
550 2023 719 2093 familiaris
737 2026 824 2092 intra
842 2039 978 2117 penates
998 2026 1189 2111 mansisset,
1281 2029 1285 2044 ⁸

130 2155 186 2198 nou
203 2145 319 2199 tantus
339 2131 552 2261 Anaxagoras
572 2130 615 2198 ad
636 2155 693 2199 eos
712 2129 867 2206 rediisset

175 2259 205 2330 γ.
235 2236 446 2305 Archimedis
490 2261 621 2331 quoque
643 2235 846 2305 fructuosam
868 2235 1061 2304 industriam
1090 2235 1188 2305 fuisse

129 2429 633 2496 ormenseabalteroudmovetur;vel
719 2449 745 2484 s.
767 2431 963 2502 Eaprimmdamr.
992 2429 1033 2484 sd
1057 2431 1189 2502 explicen-

128 2509 223 2578 potius,
237 2529 323 2580 quum
336 2509 403 2561 alter
413 2509 540 2576 subinde,
554 2521 584 2562 ut
596 2510 633 2561 ei·
677 2508 739 2562 dom
754 2509 809 2562 vim
825 2511 932 2582 ingenii.

127 2582 184 2640 bum
199 2585 287 2660 capiet
308 2601 334 2641 et
350 2607 456 2640 manum
470 2587 633 2642 adraensem
719 2589 744 2642 3.
762 2591 945 2660 Anaxagoram.
963 2587 1026 2643 Vid.
1044 2589 1146 2642 Platon.
1161 2591 1189 2642 in

126 2668 251 2738 porrigat,
273 2667 440 2721 admonetur.
459 2669 579 2740 Ksppius
593 2687 635 2720 su·
677 2667 775 2740 Hippia
791 2673 908 2742 mejore3
925 2671 1020 2722 AElian.
1036 2670 1122 2734 vm,
1144 2687 1187 2720 rs.

127 2748 236 2815 spinter
251 2748 388 2801 Valeriam
400 2749 488 2818 potius
501 2747 633 2819 scripsisse
677 2751 846 2820 Anaxagoras
852 2748 957 2802 cuidem
964 2748 1188 2819 dicenti‚pstrism

127 2831 193 2878 enine
677 2827 727 2879 sibi
735 2847 805 2880 curae
814 2847 868 2881 non
879 2847 950 2882 esse:
964 2855 976 2876 ι
986 2830 1082 2890 immo,
1094 2829 1188 2897 inquit,

171 2921 195 2957 ι.
218 2905 355 2978 Chrysippo.
377 2907 446 2960 Gell.
469 2905 563 2971 XVII,
588 2905 630 2959 rs.
676 2925 739 2959 cura
755 2907 847 2978 petris
862 2905 1052 2960 mihimexime
1067 2918 1118 2972 est,
1133 2897 1189 2958 »ἐι

128 2981 196 3036 Ptin.
211 2983 293 3048 XXV,
307 2987 331 3040 5.
350 2984 466 3038 Pedibus
478 3003 510 3038 eo
524 2987 552 3038 in
565 2986 633 3039 Vor·
676 2983 791 3056 digitum
804 2985 921 3039 extendit
936 2988 965 3038 in
980 2985 1085 3050 celtum,
1101 2997 1188 3038 ostn-

125 3061 168 3112 stii
182 3065 352 3130 sententiam,
372 3077 399 3118 et
418 3066 445 3118 iu
466 3065 518 3118 hoc
534 3083 633 3117 errasse
677 3063 742 3117 dens
755 3065 826 3117 illem
844 3066 893 3118 sihi
903 3065 1187 3134 veremesscpstrism.

125 3139 265 3196 Valerium.
275 3145 367 3210 Quum
381 3145 452 3196 euim
468 3144 632 3217 Chrysippus
677 3145 824 3216 impietatis
838 3144 917 3196 semel
929 3157 943 3195 e
956 3144 1099 3198 Cleomene
1113 3161 1188 3196 accu-

123 3219 239 3276 lloruerit
256 3243 318 3276 anu.
338 3243 374 3277 m.
394 3223 546 3294 3703·76,
567 3223 632 3276 Cer·
677 3235 764 3284 setus,
794 3223 867 3295 quod
889 3225 985 3288 solem,
1010 3241 1088 3294 quem
1111 3223 1190 3276 Athe

123 3300 212 3354 nudes
230 3315 319 3355 entem
339 3321 400 3356 ann.
414 3320 450 3356 m.
467 3303 541 3371 3829
564 3304 634 3356 inter
677 3304 780 3356 nienses
806 3304 944 3369 colebant,
969 3300 1124 3355 candentem
1151 3302 1189 3354 la-

122 3380 321 3435 Atbeniensinm
336 3384 435 3453 legatos
444 3385 535 3434 Rome
545 3382 633 3448 luerit,
677 3384 776 3435 minem
792 3381 891 3436 diceret
903 3395 930 3435 et
947 3382 1052 3455 penitus
1066 3381 1191 3451 ignitum,

120 3460 160 3512 vix
177 3481 240 3514 cum
261 3463 314 3516 isto
331 3481 392 3515 eum
409 3462 555 3533 disputasse
575 3480 631 3514 cre-
677 3461 940 3515 defensussPericle
952 3459 1095 3532 discipulo,
1111 3461 1189 3533 qnin-

119 3537 178 3592 dere
191 3557 343 3613 possumus.
360 3543 461 3596 Gellius
473 3551 551 3613 atque
560 3542 629 3594 Plin.
675 3561 728 3613 que
736 3543 840 3596 talentis
852 3555 879 3594 et
888 3541 980 3594 exsilio
988 3541 1119 3594 multatus·
1130 3541 1188 3594 fuit.

117 3618 132 3669 l.
148 3640 170 3673 c.
187 3633 357 3690 memorant,
371 3620 533 3675 Carneadem
548 3622 630 3674 helle·
676 3623 716 3675 De
733 3625 808 3692 cujus
821 3631 907 3674 morte
921 3620 976 3673 vid.
991 3623 1077 3674 Laert.

116 3697 180 3752 boro
191 3721 220 3754 se
229 3717 365 3774 purgasse,
374 3701 631 3773 quemlibrisZeno·
716 3709 742 3766 4.
757 3703 784 3753 E
798 3702 893 3753 diutim
902 3705 1101 3772 peregrinatione.
1116 3701 1189 3752 Non·

115 3779 152 3830 nis
159 3781 328 3853 respondere
334 3782 421 3835 vellet.
429 3782 555 3852 Inprimis
561 3782 630 3845 elbo,
675 3782 742 3834 nulli
751 3819 759 3844 ,
767 3793 824 3852 pasl
836 3781 953 3833 da'atiaam
965 3784 1188 3850 peregrinationem.

114 3858 184 3928 quod
193 3860 230 3913 ad
239 3862 395 3932 Antiopam
404 3863 535 3932 optimum
545 3879 633 3914 nasce·
677 3859 729 3914 sed
742 3882 755 3911 e
767 3875 794 3914 et
803 3882 834 3912 aa
846 3872 958 3931 propert
966 3860 1087 3930 usurpari
1095 3870 1189 3910 notum

111 3937 632 4004 bstur,helleborousosessestudioruru
677 3951 725 3996 est.

108 4020 209 4084 anda,
226 4031 275 4083 nt,
296 4038 354 4091 quse
369 4033 628 4086 commentaremur,
673 4021 675 4028 ’
715 4021 742 4073 5.
765 4020 924 4073 Aaronem.
941 4020 973 4070 A.
990 4019 1026 4070 U.
1044 4017 1115 4079 sau
1130 4015 1187 4067 Liv.

108 4097 196 4150 *erius
218 4101 418 4170 perspicerent,
444 4101 513 4154 Plin.
536 4101 630 4167 XXV,
674 4101 762 4164 xxv;
777 4100 846 4152 Plut.
860 4098 987 4162 Marcell.;
1002 4094 1189 4158 ederimus,

111 4177 162 4241 ιδ,
176 4189 303 4231 testatur.
674 4191 700 4230 et
711 4180 789 4232 Verr.
798 4180 838 4231 v1
847 4200 854 4242 3
863 4177 957 4243 Silius,
965 4176 1041 4242 xw3
1049 4174 1191 4240 Plin.vn;
