3152 5134
271 533 381 603 CAP.
409 533 529 616 VIII,
557 534 625 600 DE
652 533 805 601 RATIS
832 535 1047 604 TESTAM.
1157 535 1203 610 55

195 669 231 752 4.
249 667 334 734 Item
353 666 530 758 Pompeius
544 663 716 756 Rheginus
725 663 746 749 ¹,
757 666 812 732 vir
826 664 1035 760 transelpime
1049 670 1206 762 regionis,

142 795 247 866 quum
263 785 460 840 testamento
477 769 588 840 fratris
605 770 789 863 preteritas
803 785 904 858 esset,
922 786 956 840 et
970 772 1012 840 ad
1025 797 1206 869 coarguun-

143 879 221 946 dam
243 879 446 970 iniquitatem
468 876 560 969 ejus,
578 875 670 945 birras
688 874 815 946 tabulas
833 891 1105 948 testamentorum
1127 903 1206 949 sno-

145 1007 220 1052 rum
240 985 275 1050 in
293 984 428 1052 eomitio
445 983 580 1066 incisas,
599 982 711 1052 habita
728 983 899 1076 utriusque
920 983 1043 1052 ordinis
1065 987 1207 1054 maxima

145 1089 354 1182 frequentia,
375 1089 561 1172 recitasset,
578 1089 613 1154 iu
637 1087 757 1181 quibus
785 1111 906 1183 magna
930 1113 970 1157 ex
994 1103 1091 1183 parto
1112 1091 1208 1160 heres
1285 1149 1287 1154 .

147 1195 339 1264 intererat
360 1195 517 1288 scriptus,
540 1192 842 1288 praelegebaturuue
863 1197 893 1262 ei
915 1197 1037 1264 centies
1059 1210 1093 1263 et
1112 1199 1208 1290 quin·

146 1301 284 1395 quagies
305 1301 509 1370 sestertium:
529 1298 669 1368 multum
687 1323 727 1369 ae
746 1299 804 1368 diu
823 1302 908 1370 inter
927 1301 1139 1370 assentientes
1159 1303 1207 1370 in-

146 1405 331 1502 dignationi
350 1430 416 1475 suae
439 1407 561 1476 amieos
582 1419 736 1499 questus,
755 1405 845 1498 quod
866 1405 908 1474 ad
927 1406 1030 1476 hastae
1048 1407 1209 1500 judicium

147 1514 303 1599 attinuit,
321 1509 465 1580 eineres²
483 1510 595 1580 fratris
608 1513 737 1605 quietos
755 1535 825 1580 esse
845 1535 960 1606 possus
979 1526 1046 1581 est:
1066 1527 1100 1581 et
1116 1527 1218 1582 erant·

147 1619 193 1686 ab
209 1643 251 1686 eo
266 1618 405 1686 instituti
424 1617 578 1706 heredes,
593 1641 699 1711 neque
714 1618 874 1712 sanguine
891 1603 1015 1712 petrio³
1027 1641 1139 1712 pares,
1152 1641 1210 1687 ne·

148 1748 220 1817 que
237 1724 394 1818 proximi;
410 1723 467 1791 sed
485 1737 519 1791 et
538 1721 653 1810 alieni,
666 1721 873 1806 ethumilss3
890 1738 928 1792 ut
943 1747 1011 1792 non
1029 1723 1135 1793 solnm
1153 1725 1211 1793 lla·

146 1830 306 1923 gitiosrnn
321 1828 504 1914 silentium,
514 1828 572 1898 sed
584 1830 684 1898 etiam
698 1826 845 1923 praelatio
859 1827 1096 1898 contumeliosa
1109 1831 1212 1899 videri

147 1949 271 2028 posset.

205 2038 239 2112 5.
261 2042 367 2134 AEque
380 2038 481 2110 felicis
494 2041 713 2135 impunitatis,
727 2041 786 2110 sed
801 2042 913 2110 nesmo
926 2063 969 2108 an
987 2041 1129 2109 tetrioris
1141 2039 1213 2110 hec

148 2145 260 2216 delicti
277 2159 490 2216 testamenta:
508 2147 550 2234 Q.
568 2133 740 2216 Caecitius⁴
754 2149 793 2216 L.
817 2144 948 2216 Luculli
968 2147 1213 2240 promptissimo

151 2252 285 2339 studio,
310 2253 518 2346 maximeque
546 2251 762 2338 liberalitate,
786 2266 820 2320 et
846 2253 1020 2322 honestum
1048 2251 1215 2345 dignitatis

151 2359 312 2451 gradum,
324 2371 358 2426 et
372 2356 609 2452 amplissimum
620 2359 854 2452 patrimonium
866 2373 1214 2452 consequutus,quum

152 2489 220 2558 prae
244 2489 280 2533 se
305 2488 436 2558 semper
456 2462 604 2552 unisset,
622 2487 724 2533 unum
747 2461 839 2532 illurn
865 2465 926 2533 sibi
947 2487 1017 2534 esse
1039 2463 1215 2546 heodem,

151 2571 297 2639 monens
320 2571 420 2638 etiarn
446 2557 585 2638 annulos
609 2571 638 2638 ei
665 2594 741 2638 suos
765 2568 972 2656 tradidisset3
995 2571 1215 2663 Pomponium

149 2677 299 2746 Atticino
321 2689 517 2772 testamento
538 2675 726 2768 adoptavit,
742 2677 888 2744 omnium
935 2663 975 2742 e⁵
990 2676 1154 2744 bonorum
1171 2699 1218 2742 re

149 2781 251 2874 liquit
268 2781 442 2868 heredem,
463 2779 519 2848 sed
540 2779 664 2849 fallacis
686 2794 718 2848 et
736 2780 882 2850 insidiosi
919 2779 1060 2878 cadaver
1076 2777 1218 2875 populus

152 2987 235 3044 und·
252 2989 335 3042 ισῦι
353 2991 419 3042 uin
443 3011 469 3042 co
487 2989 616 3056 mrum,
637 3000 664 3042 et
749 2995 775 3051 a.
797 2989 831 3056 Q.
853 2987 974 3040 condior.
997 2985 1055 3040 Hoc
1075 2987 1135 3039 loeo
1156 2983 1217 3039 edd.

151 3070 257 3122 tim
277 3079 443 3124 meum
469 3087 547 3142 super
569 3089 582 3120 e
608 3085 663 3120 nou
707 3079 770 3119 vett.
784 3082 844 3118 cum
860 3065 951 3118 multis
967 3065 1044 3118 MSS.
1060 3081 1160 3118 novum
1175 3081 1218 3118 oe·

149 3147 368 3206 animadvertas
392 3148 498 3219 erripuit
525 3151 663 3218 mopinot
707 3158 757 3217 put
767 3145 947 3207 constituunt,
958 3144 1011 3197 hoo
1022 3144 1116 3198 eruo:
1127 3144 1216 3200 doto.

150 3230 221 3282 Tres
228 3226 307 3282 lass.
321 3229 440 3282 inserant
451 3227 596 3298 inprobare,
609 3229 665 3279 ἐπὶ·
708 3229 750 3298 qui
762 3225 875 3278 admo
895 3226 1029 3294 opinionem
1045 3225 1163 3276 lomim
1179 3225 1219 3274 lte-

153 3321 220 3366 tore,
236 3307 381 3372 menan,
396 3325 429 3360 ex
442 3307 534 3377 glossa.
709 3304 775 3356 redes
790 3303 928 3355 hobwmot.

199 3387 364 3456 omagium.
376 3384 442 3439 vid.
454 3387 570 3438 Veri-on.
586 3383 666 3437 dell.
751 3383 778 3437 5.
805 3383 971 3453 Omniumque.
1000 3381 1082 3453 Nepos
1112 3382 1139 3434 in
1167 3384 1220 3436 rita

151 3469 189 3520 11.
201 3467 259 3533 111,
274 3485 319 3520 ro.
334 3495 376 3508 --
392 3465 528 3536 Utriusque.
542 3465 577 3517 Et
591 3481 668 3534 eque·
710 3462 841 3516 soribiteo
851 3461 981 3521 donam,
992 3461 1010 3511 l.
1022 3459 1107 3514 tribou
1120 3462 1221 3532 quartis

151 3546 215 3600 sui·
224 3557 253 3600 et
263 3545 370 3616 plebeii.
710 3542 840 3614 partibus.
850 3539 915 3594 Vid.
925 3541 980 3594 Cic.
993 3540 1026 3593 ad
1038 3542 1093 3593 nn.
1105 3541 1164 3604 111,
1177 3559 1220 3594 ao.

197 3645 224 3678 a.
238 3624 346 3678 Cium.
355 3623 451 3678 Noluit
460 3619 668 3695 oppngouode-
711 3623 761 3674 Au.
775 3622 810 3674 U.
827 3620 894 3689 695.
909 3617 1049 3672 Hereditas
1067 3620 1222 3692 pleenmque

153 3705 240 3757 sueti
252 3721 404 3776 supremam
416 3704 588 3756 voluntatem.
712 3698 841 3754 dividitur
861 3700 889 3752 iu
909 3699 963 3752 1111
983 3700 1083 3753 uncias.
1108 3700 1224 3752 Mnus

198 3785 225 3838 3.
237 3784 335 3837 Patrio.
344 3784 463 3836 Atrebst.
474 3783 585 3852 Pegaso,
598 3799 671 3833 men·
713 3793 799 3834 autern
808 3779 937 3850 signifieat
945 3793 1041 3832 novem
1049 3779 1150 3841 uncins,
1160 3797 1224 3850 que·

153 3861 234 3926 dnae,
248 3880 282 3914 ex
291 3881 342 3933 qua
357 3880 423 3915 roos
437 3861 547 3932 qnidam
561 3861 673 3928 ntegra»
713 3860 734 3913 si
743 3859 852 3930 dempto
859 3857 1224 3930 quadrantellonestiuolor·

153 3942 250 3996 secia
267 3940 402 3996 vidntur.
417 3942 519 3994 Verum
541 3952 571 3993 nt
589 3941 634 3992 hic
656 3959 671 3992 a
714 3959 760 3992 san
776 3939 912 4002 subsensi
924 3935 1083 3991 reddidisset
1096 3935 1224 3990 heredita·

155 4033 254 4094 pam.
268 4025 363 4091 patrius
382 4023 481 4092 mgats
503 4020 618 4074 dieitur.
635 4021 672 4072 ita
715 4031 767 4072 tem
780 4019 882 4072 Atticus
896 4020 967 4088 justo
982 4016 1082 4070 heredi.

153 4114 183 4154 et
200 4101 359 4156 afficerem
368 4103 462 4170 poenicu
478 4119 538 4162 mos,
554 4112 580 4152 et
592 4119 605 4150 a
618 4099 672 4151 Ln-
756 4104 782 4152 6.
800 4098 920 4150 insidiosi.
936 4097 1004 4150 Boni
1017 4097 1087 4149 enim
1104 4095 1153 4147 riri
1170 4107 1224 4160 est,

154 4181 243 4234 cretio
260 4193 353 4250 poeta,
364 4185 458 4250 poitiers
469 4199 553 4250 pavor.
715 4178 836 4232 eumin
852 4189 937 4230 morte
951 4175 1055 4228 nullum
1070 4175 1168 4226 fallere.

988 4269 1033 4363 Δ.
