3108 5136
259 539 366 608 car.
395 539 507 608 v111.
536 539 604 608 nn
629 539 980 610 renuntiare.
1083 566 1146 637 ψ

89 697 106 745 a
125 695 254 742 summo
272 671 429 764 imperio,
448 669 490 738 ad
509 695 603 757 eum,
624 671 680 766 qui
700 669 791 740 nullo
810 673 842 740 in
860 672 988 742 bonore
1006 698 1153 742 versare·

89 793 158 866 tur,
176 779 317 848 transire
335 793 549 873 cogerentur3
564 777 621 848 sed
635 780 706 872 quis
721 778 806 848 ferat
821 778 977 866 militem,
991 782 1071 850 scita
1084 779 1153 875 ple·

90 887 135 955 bis
154 886 255 953 exitio
274 883 371 978 legati
390 883 634 978 corrigentem?
1144 973 1147 980 ¹

140 1017 175 1060 2.
205 993 272 1060 Pro
296 989 431 1062 consule
462 991 549 1060 istud
574 1007 642 1062 tam
669 991 830 1062 violenter
856 995 1045 1082 exercitus3
1073 993 1153 1086 illud

90 1098 245 1168 adversus
265 1090 435 1168 consulem
446 1095 475 1166 ¹:
492 1099 534 1188 Q.
552 1100 639 1168 enim
654 1100 849 1193 Pompeium
864 1097 961 1170 Sullae
977 1099 1154 1195 collegam,

91 1219 220 1276 senatus
232 1206 325 1298 jussu
339 1205 381 1274 ad
397 1207 577 1274 exercitum
597 1211 659 1276 Cn.
675 1208 824 1301 Pompeii
835 1203 858 1292 ²,
877 1231 975 1300 quem
994 1207 1154 1301 aliquam·

91 1313 140 1382 diu
154 1314 259 1380 invita
275 1315 408 1382 civitate
421 1312 608 1400 obtinebat,
624 1313 824 1382 contendere
839 1336 973 1400 ausum,
990 1315 1153 1384 ambitiosi

91 1419 180 1490 ducis
206 1417 368 1490 illecebris
394 1423 542 1514 corrupti
566 1419 704 1510 milites,
732 1419 916 1490 sacrificare
943 1422 1153 1515 incipientem

92 1526 212 1612 adorti,
232 1526 265 1592 in
283 1526 417 1594 modum
437 1527 553 1597 hostiae
569 1542 816 1612 mactaverunt,
834 1541 1029 1622 tantumque
1048 1525 1154 1598 scelus

92 1636 199 1719 curia,
219 1634 336 1701 castris
353 1632 470 1701 cedere
491 1659 525 1701 se
546 1633 714 1718 confessa,
731 1631 872 1701 inultum
895 1634 1019 1702 habuit.

140 1738 173 1809 3.
195 1737 257 1807 llle
271 1763 403 1834 quoque
418 1741 580 1810 exercitus
593 1740 717 1809 nefarie
732 1725 927 1826 violentus³,
945 1742 1000 1834 qui
1020 1741 1057 1809 C.
1073 1741 1152 1809 Car-

92 1843 223 1926 bonem,
238 1843 372 1913 fratrem
385 1845 548 1915 Carbonis
561 1861 611 1916 ter
626 1845 785 1934 consulis,
800 1859 937 1941 propter
949 1845 1034 1914 bella
1046 1844 1154 1915 civilia

92 1951 278 2021 dissolutam
305 1951 509 2047 disciplinam
534 1953 708 2021 militarem
735 1952 940 2048 praefractius
964 1968 997 2020 et
1020 1953 1154 2048 rigidius

93 2058 291 2153 adstringere
307 2074 481 2146 conatum,
498 2061 642 2153 privavit
656 2061 743 2144 vita3
762 2060 927 2154 satiusque
943 2059 1035 2127 duxit
1051 2061 1152 2126 maxi-

95 2190 142 2232 mo
169 2163 293 2234 scelere
317 2166 544 2260 coinquinari,
571 2189 669 2260 quani
696 2190 817 2260 pravos
847 2189 885 2234 ac
914 2181 1016 2233 tetros
1046 2191 1153 2234 mores

94 2287 221 2340 mutare.

406 2395 652 2485 CAPUT
689 2395 832 2481 VIII.

385 2597 433 2660 De
448 2600 621 2660 temeritate
635 2593 858 2658 Romanorum.

158 2797 174 2826 ι.
185 2783 210 2826 Ρ.
223 2779 330 2826 Africani
340 2777 442 2838 majoris.
456 2801 487 2812 -
498 2793 521 2824 a.
533 2779 560 2824 C.
572 2777 668 2824 Cusus
680 2791 727 2824 eos.
742 2791 764 2822 a.
776 2801 807 2810 —-
821 2777 842 2822 3.
855 2776 975 2822 Exercitus
987 2776 1081 2820 rismsni.
1111 2815 1114 2823 ,

383 2939 430 3002 De
447 2943 618 3002 temeritate
634 2941 856 3002 Externoram.

329 3123 348 3154 t.
362 3107 497 3152 Hannibalis
507 3107 577 3168 paeni.
590 3131 621 3144 ι-
633 3121 655 3154 a.
668 3106 814 3152 Atheniensis
825 3104 919 3166 populi.

280 3275 333 3327 DE
357 3274 639 3328 TEMERITATE
666 3271 962 3325 ROMANORUM'.

140 3455 348 3524 Temeritatis
374 3453 472 3522 ctiam
497 3468 531 3522 et
551 3439 669 3521 subiti⁴
696 3465 728 3518 et
754 3451 966 3518 vehementes
990 3463 1067 3517 sunt
1091 3451 1155 3516 im-

129 3671 152 3706 1.
173 3653 307 3707 Consulem
324 3651 429 3706 Eodem
442 3670 528 3706 anno:
546 3651 599 3704 vid.
645 3651 774 3704 exercitus
783 3651 811 3702 in
820 3651 910 3704 Africa
919 3649 998 3704 tuisse
1007 3650 1155 3722 conjicitur.

87 3747 208 3788 auctores
219 3733 337 3788 eosdem
645 3763 685 3772 -—-
698 3730 850 3782 Carbonem..
868 3730 997 3782 Nonnulli
1010 3729 1085 3784 MSS.
1104 3730 1156 3784 Ga.

128 3833 154 3866 s.
172 3815 291 3885 Pompeii.
304 3814 405 3867 Forsan
415 3811 602 3866 Strabonis-
647 3809 788 3864 Carbonem.

86 3892 237 3964 Sstn'ficore,
252 3897 294 3948 De
309 3913 384 3948 mure
398 3893 543 3947 emitum
559 3907 602 3946 sc·
688 3899 715 3954 4.
735 3891 772 3944 Et
790 3890 863 3944 subttt
881 3903 906 3942 et
924 3891 1078 3943 vehementes.
1098 3889 1158 3943 1100

85 3973 403 4045 ceprmsucffieabu‚
423 3993 505 4046 quum
518 3972 603 4036 nibil,
647 3971 757 4042 Pighius
776 3990 808 4023 es
828 3968 1157 4024 manutentans

84 4054 136 4107 nisi
147 4056 263 4126 peractis
272 4056 369 4120 saeris,
378 4055 540 4126 susciperent
551 4054 603 4104 Ro-
645 4051 806 4112 veliementer,
822 4048 894 4104 unde
906 4049 1061 4104 Perizonlus
1075 4047 1157 4116 conii,
1187 4055 1189 4062 ‘

84 4135 166 4188 manit
345 4178 349 4186 .
646 4131 682 4186 cit
696 4145 724 4184 ut
737 4131 811 4184 subiti
824 4133 859 4182 ita
872 4131 1028 4184 vehementes.
1038 4126 1088 4182 Ed.
1104 4139 1155 4184 ret.

126 4215 153 4269 3.
174 4215 310 4268 Violentus.
325 4218 376 4268 An.
389 4215 456 4268 Urb.
472 4217 539 4284 671.
551 4212 603 4267 ttie
646 4223 790 4284 unumque
806 4221 830 4262 et
843 4209 952 4265 omittit.
