3152 5134
357 517 466 585 CAP.
494 509 567 602 Vl,
596 517 663 584 DE
691 515 1054 586 NECESSITATE.
1184 517 1232 604 43

169 649 335 718 dictabam
355 648 592 742 rempublicam
611 647 884 734 administrantis,
901 648 1004 745 spolia
1023 651 1166 720 bostium
1185 651 1233 720 al·

168 754 238 824 fixa
254 753 402 850 templis,
417 754 556 824 deornm
571 756 700 824 numini
716 769 924 842 consecrata,
939 758 1156 828 instrumento
1173 759 1233 826 mi-

168 859 250 930 litiae
268 861 379 930 firnata
397 859 680 948 convellerentur,
697 887 735 931 ac
756 863 938 955 praetextati
957 865 1050 956 pueri
1071 887 1162 932 arma
1180 866 1234 932 in-

169 967 330 1053 duerent,
345 965 568 1036 addictorum¹
586 969 703 1052 etiam,
718 983 751 1036 et
766 966 896 1062 capitali
910 969 1046 1037 cnmine
1063 969 1236 1038 damnato·

170 1099 249 1142 rum
262 1099 318 1143 sex
329 1071 429 1142 millia
442 1073 735 1143 conscriberentur.
749 1073 833 1162 Quae
847 1075 944 1167 siper
957 1097 991 1142 se
1002 1074 1237 1169 adspiciuntur,

170 1179 295 1273 aliquid
307 1180 437 1248 ruboris
449 1179 611 1266 babeant3
626 1181 652 1248 si
664 1193 776 1248 autem
791 1179 931 1248 admotis
945 1183 1145 1250 necessitatis
1159 1183 1234 1249 viri-

170 1286 236 1353 bus
255 1285 496 1380 ponderentnr,
509 1288 639 1354 saevitiae
660 1287 818 1379 temporis
839 1287 1067 1354 convenientia
1085 1287 1235 1382 presidia

169 1391 355 1462 videantur.
372 1395 512 1486 Propter
531 1389 700 1460 eamdem²
716 1389 843 1460 cladem
862 1406 993 1460 senatus
1006 1391 1163 1480 Otacilio,
1177 1395 1234 1486 qui

168 1497 333 1583 Siciliam,
350 1512 384 1566 et
395 1496 551 1567 Cornelio
563 1495 769 1582 Mammulae,
783 1499 839 1590 qui
853 1497 1036 1566 Sardiniam
1053 1513 1234 1593 propraeto-

168 1603 267 1670 ribus
284 1604 491 1687 obtinebant,
506 1604 738 1696 querentibus,
754 1633 771 1667 a
786 1601 875 1697 quod
893 1627 1000 1697 neque
1017 1603 1230 1698 stipendium,

169 1733 284 1802 neque
294 1708 493 1778 frumentum
506 1708 663 1779 classibus
676 1731 790 1778 eorum
805 1723 838 1776 et
853 1708 1049 1778 exercitibus
1064 1711 1143 1779 socii
1156 1733 1234 1805 proe·

169 1815 336 1899 herent»,
348 1814 589 1884 affirmantibus
600 1817 716 1898 etiam,
727 1839 770 1884 ne
781 1814 903 1882 babere
914 1814 1045 1907 quidem
1057 1839 1131 1903 eos,
1145 1816 1233 1885 unde

164 1920 203 1988 id
214 1933 372 2015 praestare
383 1935 532 2016 possent,
543 1921 723 2016 rescripsit,
735 1949 752 1984 a
763 1920 912 1988 aerarium
924 1918 1108 2014 longinquis
1116 1945 1234 2015 expen-

165 2029 212 2095 sis
234 2051 303 2095 non
325 2026 496 2096 sufficere:
515 2025 669 2124 proinde,
688 2051 756 2121 quc
776 2039 875 2120 pacto
896 2040 995 2094 tantae
1014 2027 1134 2121 inopiae
1155 2051 1232 2096 suc-

165 2133 371 2202 currendum
391 2147 494 2220 esset,
514 2135 575 2228 ipsi
604 2131 800 2202 viderent.»
830 2134 891 2201 His
918 2131 1019 2201 literis
1041 2132 1120 2226 quid
1144 2131 1232 2201 eliud

165 2263 269 2332 qnam
291 2239 419 2334 imperii
443 2241 492 2309 sui
516 2237 738 2334 gubernacula
763 2263 783 2307 e
806 2238 957 2307 manibus
982 2235 1125 2330 abjecit?
1148 2239 1232 2307 Sici-

166 2342 312 2440 liamque
329 2359 364 2414 et
383 2346 586 2434 Sardiniam,
605 2345 853 2439 benignissimas
874 2345 964 2413 urbis
984 2359 1103 2415 nostrae
1122 2347 1231 2412 nutri-

164 2475 223 2519 ces
231 2436 258 2537 ³,
272 2451 394 2545 gradus
409 2465 442 2520 et
462 2450 681 2520 stabilimenta
698 2449 880 2536 bellorum,
901 2464 967 2518 tam
988 2448 1093 2519 multo
1111 2449 1231 2520 sudore

163 2572 201 2624 et
218 2559 379 2652 sanguine
396 2559 431 2626 in
443 2557 498 2650 jus
519 2583 558 2626 ac
576 2570 772 2652 pote-statem
790 2555 958 2644 redactas,
977 2559 1090 2651 paucis
1107 2557 1231 2638 verbis,

163 2677 200 2730 te
223 2661 348 2732 scilicet
367 2663 569 2734 Necessitate
587 2663 740 2757 jubente,
759 2661 890 2731 dimisit.

225 2795 262 2836 α.
289 2757 435 2840 Eadem⁴
459 2767 651 2840 Casilinates
678 2767 1063 2850 obsidionellannibalis
1083 2769 1232 2858 clausos,

164 2972 408 3027 Perasitmitanrm
416 2975 572 3047 gentiJulioe
582 2993 679 3047 cogno·
720 2975 864 3028 amiserunt
879 2987 942 3028 tnnc
963 2976 1076 3028 Romani
1093 2975 1150 3029 illas
1165 2991 1230 3048 pro—

162 3069 253 3116 men,
269 3070 318 3104 nec
334 3069 531 3110 nomentanum
548 3055 583 3108 sit
596 3057 676 3127 maje·
719 3054 834 3118 vincias,
852 3052 899 3105 sed
916 3055 1098 3108 obtinuerunt.
1114 3087 1155 3098 -
1171 3057 1227 3108 Ea·

158 3132 231 3186 stati
239 3129 544 3206 diotatudsutid,quod
554 3136 674 3198 refertur,
715 3131 1231 3204 peasanuodeeimtnssnpmafflor-

159 3231 241 3284 φιη
253 3214 416 3284 cinefactum
426 3213 538 3270 dicatur.
552 3247 593 3258 --
606 3217 675 3266 Pna-
718 3231 765 3265 san
777 3229 831 3264 nou
844 3213 922 3266 male.
937 3211 1001 3266 Vid.
1017 3213 1100 3277 iubs,
1115 3216 1165 3268 111.

160 3295 263 3345 temti.
287 3293 340 3357 Qui
362 3295 445 3346 XVII
467 3295 552 3348 atatis
576 3313 675 3348 munta
759 3293 786 3346 3.
813 3293 933 3346 Nutrices.
960 3293 1097 3365 heoipue
1122 3293 1229 3358 Sicilia,

158 3369 288 3424 nondum
300 3374 448 3444 attigerant.
717 3387 797 3442 qnam
818 3373 900 3423 cellam
914 3377 1040 3443 penariam
1055 3374 1226 3444 reipublicae,

209 3469 234 3504 1.
250 3452 419 3506 Aulaeum.
432 3453 671 3514 Addicrisenneei,
717 3453 834 3522 ταμιῖον,
848 3450 947 3520 fiscalia
969 3453 1067 3514 Merca,
1088 3456 1229 3522 sarmenta,

155 3533 212 3603 qui
219 3529 396 3586 auditoribus
402 3546 513 3605 propter
525 3533 634 3586 nomme
645 3534 674 3586 iu
718 3531 798 3593 melle,
807 3533 858 3583 sale
867 3532 1158 3586 abundantiauooabsnt.
1168 3533 1227 3586 san

155 3611 318 3664 servitutem
334 3613 521 3684 temporariam
534 3631 549 3664 a
562 3625 675 3684 merore
716 3611 871 3674 albimliost
880 3629 913 3664 ex
927 3623 1002 3682 parte
1014 3627 1125 3684 aspere,
1133 3611 1227 3666 laudat

154 3687 363 3744 addicebantur.
382 3691 446 3745 Vld.
464 3693 549 3746 Plaut.
568 3693 596 3745 in
614 3693 673 3745 Pte·
717 3689 1229 3763 tamenllorat.1‚od.31,opimaasege·

153 3770 229 3822 nulo
244 3789 253 3823 ι
270 3795 283 3816 ι
293 3771 336 3822 ubi
350 3775 377 3822 r'a
388 3775 431 3841 jus
449 3775 555 3834 aremrr't,
578 3773 675 3825 addicet
717 3771 857 3836 tesseracir.
873 3799 907 3812 -
921 3770 962 3822 Te.
971 3769 1094 3841 Pighius,
1111 3776 1154 3825 ira.
1170 3772 1228 3826 Sed

145 3851 381 3921 msa-itm
393 3863 467 3902 mana
480 3851 531 3904 tibi.
540 3877 552 3900 ι
716 3849 894 3922 apostrophen
903 3848 955 3902 boc
965 3849 1025 3904 loco
1041 3869 1096 3904 esse
1112 3850 1226 3906 demon·

202 3949 231 3982 a.
254 3931 362 3984 eaden.
376 3931 427 3984 Aa.
440 3932 476 3984 U.
490 3930 554 4002 547.
569 3931 673 3996 Livius,
715 3941 781 3982 strat
797 3929 887 4000 paullo
904 3941 965 4000 poet
985 3947 1096 4002 sequens
1114 3933 1225 3984 waraei.

146 4011 274 4074 xxm,
286 4011 513 4064 a.-Proebrmt.
525 4013 559 4063 At
569 4011 672 4075 Livius,
758 4015 783 4071 d.
798 4009 940 4062 Hadaran...
954 4010 1061 4062 colubri.
1075 4011 1173 4082 Gnyet.
1187 4012 1222 4063 le-

144 4111 163 4142 a
180 4089 269 4142 sociis
282 4089 466 4160 benignissime
478 4104 614 4162 erogatum
626 4091 672 4143 sti·
716 4089 754 4158 git
765 4089 825 4140 idem
837 4089 928 4150 uoluit,
943 4087 1140 4159 subintelligens
1154 4106 1222 4141 sene-

141 4167 291 4242 pendium
301 4171 672 4236 etlramentam,narret:nec
717 4181 761 4222 tus.
780 4169 849 4221 Male
865 4185 943 4233 vero,
962 4187 1024 4220 nem
1038 4169 1161 4222 Valerius
1176 4187 1222 4224 ne·
