3110 5134
275 537 971 628 ear.111‚nu1nasron10.
1087 543 1153 614 155

95 691 197 743 tamen
222 673 410 768 aliquanto¹
430 672 547 744 melius
572 699 640 742 non
662 675 809 760 dietum3
835 699 911 744 nam
935 679 1007 770 quis
1033 677 1157 772 populo

95 805 228 849 romano
248 783 343 850 irasci
362 781 527 874 sapienter
544 779 674 876 potest?

143 885 175 957 3.
200 889 318 981 Itaque
346 911 388 955 ne
413 884 459 955 illi
484 887 616 982 quidem
644 887 828 980 probandi,
855 891 1007 982 quamvis
1030 889 1154 958 factum

95 1018 203 1061 eorum
222 991 403 1062 nobilitatis
420 992 593 1088 splendore
608 1008 794 1088 protectum
817 994 877 1082 sit,
891 997 968 1088 qui,
986 996 1075 1088 quod
1092 999 1154 1066 Cn.

95 1099 222 1167 Flavius
232 1098 254 1186 ²,
281 1098 470 1204 humillimae
495 1099 662 1193 quondam
685 1102 799 1186 sortis,
818 1115 995 1195 praeturam
1019 1101 1156 1196 adeptus

96 1221 183 1292 crat,
208 1205 350 1293 offensi,
376 1205 515 1274 annulos
547 1230 663 1274 aureos
693 1206 926 1302 sibimetipsis,
949 1221 982 1275 et
1006 1207 1157 1302 phaleras

96 1315 181 1405 apris
198 1315 266 1381 suis
280 1311 443 1381 detractas
460 1313 669 1406 abjecerunt,
683 1311 804 1383 doloris
823 1314 1015 1406 impotentia
1028 1327 1156 1382 tantum

97 1443 156 1487 non
175 1417 302 1488 luctum
322 1417 473 1512 profecto
489 1420 606 1488 testati.

143 1529 177 1610 4.
198 1523 288 1594 Talis
307 1526 363 1594 irae
378 1540 488 1594 motus
507 1540 564 1594 aut
582 1523 804 1620 singulorum,
822 1540 880 1594 aut
897 1549 1080 1618 paucorum
1099 1524 1154 1593 ed·

97 1655 206 1700 tersus
220 1628 382 1726 populum
396 1633 586 1700 universum
598 1656 607 1718 3
622 1631 840 1700 multitudinis
853 1645 962 1700 autem
974 1655 1054 1726 erga
1067 1633 1157 1726 prin-

97 1738 178 1831 cipes
193 1761 234 1806 ac
251 1737 367 1824 duces,
383 1723 574 1830 ejusmodi³:
594 1736 722 1806 Manlio
736 1741 905 1832 Torquato
923 1736 1157 1832 amplissimam

97 1859 124 1910 et
149 1843 419 1938 gloriosissimam
444 1869 485 1912 ex
510 1845 636 1912 Latinis
663 1858 697 1912 et
722 1846 902 1938 Campanis
927 1845 1099 1912 victoriam
1124 1845 1156 1910 in

96 1949 208 2018 urbem
222 1949 408 2032 referenti,
434 1975 536 2044 quum
567 1951 713 2020 seniores
740 1973 856 2019 omnes
886 1949 996 2018 laetitia
1021 1963 1158 2018 ovantes

97 2070 324 2142 occurrerent,
337 2055 506 2149 juniorum
517 2056 756 2124 nemoobviam
766 2057 925 2151 processit
935 2107 944 2140 ,
954 2055 1044 2150 quod
1054 2055 1157 2124 lilium

98 2159 351 2248 adolescentem,
366 2160 541 2231 fortissime
557 2161 714 2230 adversus
728 2164 903 2256 imperium
923 2186 1018 2231 suurn
1035 2162 1158 2258 praelia-

99 2282 181 2353 tum,
196 2269 304 2337 securi
319 2270 543 2361 pereussisset.
558 2269 686 2336 Miserti
701 2282 778 2336 sunt
791 2267 923 2362 aequalis
935 2269 1032 2337 nimis
1044 2293 1160 2362 aspere

98 2376 219 2466 puniti,
239 2399 301 2442 nec
324 2372 448 2442 lactum
472 2399 588 2442 eorum
611 2373 770 2462 defendo,
794 2375 849 2443 sed
870 2377 926 2442 irre
944 2378 1011 2443 vim
1032 2373 1160 2461 indico,

99 2503 165 2572 quaa
186 2482 284 2549 unius
303 2480 442 2549 civitatis
461 2494 495 2549 et
511 2493 622 2548 aetates
641 2494 675 2548 et
693 2479 832 2548 affectus
850 2480 996 2549 dividere
1011 2481 1123 2550 valuit.

149 2583 182 2656 5.
210 2585 402 2680 Eademque
433 2601 562 2654 tantum
596 2587 723 2680 potuit,
751 2601 790 2654 ut
822 2589 1011 2657 universum
1046 2585 1159 2682 populi

98 2695 223 2761 romani
251 2679 458 2786 equitatuml
484 2716 502 2759 a
526 2692 628 2760 Fabio
652 2691 786 2761 consule
812 2692 853 2760 ad
878 2693 1023 2762 hostium
1049 2695 1160 2786 copias

98 2797 340 2892 persequendas
359 2799 514 2884 missum,
533 2823 634 2892 quum
654 2813 687 2866 et
705 2812 777 2866 tuto
800 2813 833 2866 et
857 2798 950 2869 facile
973 2825 1027 2868 eas
1049 2799 1160 2868 liceret

143 3029 167 3062 ι.
180 3010 318 3082 Aliquanto.
337 3009 434 3062 Merito
448 3009 556 3080 quidem
569 3008 609 3060 di·
649 3011 769 3078 professo,
792 3027 906 3078 quocum
929 3011 989 3061 lacit
1004 3009 1158 3062 Torrenius.

97 3091 151 3154 xit,
160 3091 223 3162 quia
232 3091 362 3162 repulsam
373 3101 475 3142 nonest
484 3089 592 3142 meritus
599 3109 607 3152 ;
694 3089 719 3140 3.
743 3088 877 3158 Ejusmodi.
899 3091 948 3140 An.
963 3089 999 3141 U.
1017 3088 1081 3151 413.
1102 3089 1159 3141 Liv.

97 3171 154 3223 viro
174 3185 263 3223 tamen
277 3169 351 3241 gravi
365 3183 391 3221 et
403 3169 514 3239 sapienti
528 3169 608 3221 hone·
653 3169 736 3232 VIII,
756 3187 766 3220 r
780 3188 787 3232 ;
799 3187 872 3238 supr.
882 3169 925 3227 ΙΙ,
938 3187 964 3237 7,
975 3171 1005 3232 63
1017 3167 1071 3233 vt,
1082 3189 1113 3237 9,
1127 3188 1149 3221 1.

96 3251 160 3303 stius
176 3252 284 3314 luisset,
298 3268 352 3302 non
368 3248 471 3300 dixisse.
695 3255 719 3311 4.
738 3248 888 3318 Equitatum.
903 3244 1011 3318 Pighius
1019 3249 1159 3319 peditatum.

124 3352 162 3400 ¹a.
177 3333 287 3384 Fluvios.
304 3333 353 3381 An.
369 3329 402 3380 U.
424 3334 487 3396 449.
504 3327 608 3390 Livius,
653 3325 703 3378 Sed
727 3331 843 3398 eqrsitatui
862 3328 943 3398 magis
968 3329 1109 3392 convenit,
1132 3343 1161 3382 ut

96 3411 289 3476 tx‚4a;Gett.
299 3409 469 3477 VI,9;Plin.
478 3408 609 3472 XXXIII,
652 3407 772 3458 mittatur
796 3405 829 3459 ad
852 3406 940 3460 hostes
965 3407 1162 3480 persequendos

96 3491 268 3544 1.ffiomnes
275 3487 311 3541 de
320 3489 405 3542 curuli
417 3487 539 3540 aedilitate
549 3486 608 3539 Fla·
652 3503 731 3558 quarn
742 3486 869 3557 peditatui.
890 3490 993 3540 Interea
1012 3501 1098 3542 tamen
1116 3507 1161 3542 ve·

92 3571 128 3622 vii
138 3571 194 3623 hoc
205 3581 370 3634 memorant,
379 3587 433 3620 non
443 3567 477 3620 de
485 3579 607 3638 praetura.
652 3585 712 3618 rum
719 3579 766 3632 est,
774 3565 875 3637 pedites
883 3572 1020 3639 equitatum,
1028 3587 1040 3618 a
1049 3587 1102 3640 quo
1107 3571 1159 3640 jam

92 3651 161 3704 Plin.
171 3662 265 3722 nefflt,
273 3661 422 3719 equestrem
432 3645 553 3701 ordinem
561 3647 608 3698 ab·
653 3646 815 3699 fusushostis
825 3659 896 3712 erat,
905 3649 978 3718 sequi
994 3649 1122 3714 noluisse,
1133 3663 1162 3702 ut

89 3733 185 3802 jecisse
197 3730 319 3782 annulos.
329 3727 393 3780 vid.
403 3747 474 3799 supr.
485 3726 526 3790 ΙΙ,
539 3727 568 3790 5,
581 3747 605 3778 2.
653 3725 801 3779 observavit
814 3727 936 3779 Glarean.
947 3747 978 3780 ex
989 3728 1099 3792 Liv.11,
1115 3729 1160 3791 43.

91 3835 129 3844 -·
140 3811 290 3882 impotentia
303 3820 395 3859 tantum
404 3827 451 3859 non
463 3809 558 3858 luctum.
569 3807 608 3857 Ita
653 3837 693 3847 -
700 3806 786 3858 Fabio.
797 3807 851 3871 Qui
861 3808 1050 3874 intercesserat,
1060 3827 1094 3860 ne
1102 3827 1163 3879 pro-

91 3891 222 3943 Vorstius
233 3901 260 3942 et
272 3888 419 3941 Torrenius
431 3886 551 3950 edidere;
565 3885 608 3937 Pi·
633 3945 636 3952 ¹
653 3887 822 3956 mulgeretur.
842 3887 892 3939 An.
909 3889 944 3939 U.
962 3905 1027 3958 ²7²·
1042 3889 1100 3940 Liv.
1117 3887 1161 3951 11,

86 3971 171 4041 ghius
185 3984 276 4023 autem
292 3981 319 4020 et
336 3968 424 4021 Coler.
437 3968 607 4037 impotentium,
657 3966 707 4029 433
729 3967 837 4036 Dionys.
865 3967 920 4028 1x;
941 3969 1034 4020 Zonar.
1055 3967 1102 4018 xl.
1124 4000 1163 4008 —

88 4065 190 4103 tautum
201 4069 250 4101 noa
263 4051 360 4100 luctum.
370 4047 521 4100 Gronovius
529 4046 611 4109 malit,
655 4045 745 4097 Foede.
760 4045 818 4098 Hoc
830 4041 890 4098 ideo
906 4044 986 4112 dicit,
1007 4066 1040 4099 ne
1056 4045 1163 4098 videan-

88 4134 270 4203 impatisntiam
293 4139 383 4179 tantum
406 4127 469 4178 luctu
486 4129 609 4196 pressum
655 4138 698 4177 tur
708 4125 825 4195 periculo
835 4138 880 4177 aut
890 4125 981 4178 labore
991 4125 1109 4179 deterriti
1119 4123 1164 4179 de·

88 4211 255 4264 Perizonius
277 4213 437 4278 impotentiam
459 4220 476 4260 e.
501 4227 524 4258 n.
545 4206 610 4256 lucta
656 4205 925 4274 treetasseimpetum.
