3152 5134
390 493 437 564 30
567 491 790 560 VALERII
819 489 1026 556 ΜΑΧΙΜΙ
1054 491 1150 557 LIB.
1178 491 1268 558 vll.

387 627 441 720 qui
466 625 508 692 ad
536 621 657 692 bellum
686 618 890 688 inferendum
914 621 1072 688 Romanis
1099 623 1241 688 maxima
1269 623 1445 716 eupiditate

387 755 562 814 accensus,
581 753 681 820 quum
704 724 829 817 aliquot
845 723 989 792 adversis
1010 723 1127 818 praeliis
1145 742 1300 796 contusos
1322 731 1445 798 animos

388 861 540 920 suorum,
554 849 588 902 et
602 833 645 902 ob
661 831 693 900 id
710 833 781 924 paci
800 831 971 923 proniores
986 830 1277 918 animadverteret,
1296 834 1445 902 insidiosa
1557 841 1558 920 j

388 944 533 1028 ratione,
547 964 612 1033 quo
625 935 774 1018 volebat,
788 934 966 1028 compulit3
982 959 1057 1004 nam
1076 950 1178 1030 quum'
1192 939 1444 1031 spectandorum

388 1046 541 1116 ludorum
573 1041 698 1138 gratia¹
729 1065 848 1134 magna
873 1040 1068 1110 Volscorum
1099 1041 1274 1111 multitudo
1305 1047 1444 1113 Romam

389 1153 615 1234 convenisset,
632 1146 821 1218 consulibus
843 1146 942 1234 dixit,
959 1147 1180 1216 Vehementer
1199 1173 1235 1216 se
1253 1155 1385 1234 timere,
1405 1175 1447 1219 ne
1558 1139 1559 1176 l

386 1259 472 1353 quid
481 1257 602 1326 hostile
615 1254 727 1323 sabito
741 1254 957 1322 molirentur:
972 1255 1180 1346 monuitque,
1193 1269 1230 1320 ut
1242 1271 1355 1322 essent
1367 1279 1445 1324 can-
1559 1339 1560 1348 ἵ

388 1371 506 1452 tiores,
520 1377 553 1430 et
566 1361 716 1454 protinus
732 1360 801 1452 ipse
819 1359 900 1426 urbe
919 1383 1068 1453 egressus
1083 1373 1140 1426 est.
1158 1360 1266 1446 Quam
1285 1385 1352 1429 rem
1368 1385 1446 1429 ron·
1559 1355 1560 1358 ¹

389 1469 473 1538 sules
491 1467 533 1536 ad
555 1479 704 1536 senatum
725 1462 942 1532 retulerunt¹:
963 1466 1038 1558 qui,
1052 1465 1179 1532 tametsi
1198 1464 1285 1533 nulla
1306 1469 1447 1560 suspicio

389 1576 540 1658 suberat,
562 1572 755 1640 auctoritate
775 1584 885 1638 tamen
901 1568 987 1638 Tulli
1009 1585 1213 1654 commotus,
1231 1587 1269 1638 ut
1286 1587 1368 1640 ante
1387 1595 1447 1641 no·

389 1697 475 1749 ctem
497 1679 617 1746 Volsci
639 1675 791 1762 abirent,
815 1677 971 1744 decrevit.
995 1676 1069 1762 Qua
1093 1675 1289 1745 contumelia
1310 1679 1447 1765 irritati,

390 1784 485 1854 facile
505 1782 626 1876 impelli
648 1796 827 1877 potuerunt
848 1781 888 1850 ad
914 1780 1148 1851 rebellandum.
1168 1785 1218 1850 lta
1241 1782 1447 1852 mendacium

389 1891 512 1960 versuti
534 1890 644 1974 ducis,
665 1887 871 1958 simulatione
893 1887 1129 1957 benevolentiae
1146 1886 1346 1974 involutum,
1364 1889 1447 1958 duos

286 1981 288 1990 ,
391 1995 485 2066 simul
509 1995 649 2091 populos
674 1991 788 2062 fefellit
808 2019 815 2060 :
837 1995 1043 2082 Romanum,
1063 2009 1101 2063 ut
1127 1997 1272 2064 insontes
1296 2009 1447 2082 notaret3

390 2102 569 2188 Volscum,
587 2116 625 2170 ut
646 2099 791 2193 deceptis
811 2101 1016 2168 irasceretur.

738 2350 980 2438 CAPUT
1023 2353 1105 2437 IV.

651 2551 699 2614 De
715 2553 941 2636 strategematicis
959 2551 1181 2614 Romanorum.

392 2717 411 2747 ι.
423 2699 486 2748 tutti
498 2697 591 2746 Hostilii
605 2697 675 2758 regia.
691 2721 722 2731 -
736 2709 760 2740 a.
773 2697 825 2743 aex.
835 2696 955 2756 Tarquinii
966 2697 992 2742 1..
1007 2696 1032 2742 Ι,
1046 2721 1077 2731 -
1091 2696 1112 2743 3.
1126 2695 1278 2743 obsessorum
1290 2697 1315 2744 'aa
1326 2697 1448 2758 Capitolio.

525 2803 557 2814 -·
568 2784 592 2832 4.
601 2778 634 2823 Ι.
646 2775 718 2830 Livii,
729 2778 755 2822 (L
767 2773 858 2822 Claudii
869 2790 926 2822 cosa.
939 2801 971 2810 —
983 2775 1004 2822 5.
1016 2777 1044 2833 Q.
1058 2774 1148 2820 tinelli
1158 2775 1310 2821 Macedonici.

649 2933 698 2996 De
716 2935 943 3028 strategenmni
960 2933 1185 2995 externorum.

527 3079 708 3144 nagnuoetis.
721 3081 917 3140 §manorum
928 3077 1074 3138 regin-a.
1086 3077 1219 3124 Hannibalis
1232 3079 1301 3138 poni.

537 3255 591 3307 DE
615 3251 985 3307 STRATEGEMATIS
1010 3251 1301 3305 ROMANORUM.

364 3413 368 3422 ⁴
444 3422 505 3492 llla
519 3445 599 3488 vero
612 3443 688 3515 pars
703 3417 888 3488 calliditatis
903 3421 1051 3514 egregia,
1067 3434 1100 3487 et
1111 3419 1153 3488 ab
1164 3421 1254 3488 omni
1267 3420 1452 3514 reprehen-

393 3533 482 3601 sione
501 3525 615 3623 proeul
635 3539 778 3610 remota,
797 3526 889 3618 cujus
913 3549 1031 3620 opera,
1053 3528 1128 3619 quia
1151 3525 1368 3621 appellatione
1390 3553 1449 3596 no-

393 3728 534 3792 editionis;
550 3725 618 3778 Plut.
634 3725 662 3776 in
675 3724 774 3778 Coriol.
789 3724 899 3795 Dyonis.
943 3724 1058 3778 Danielis
1065 3731 1146 3795 giutid
1157 3727 1245 3780 abesse
1256 3725 1369 3789 videret,
1380 3725 1456 3782 hanc

393 3807 522 3866 mmm.
536 3805 620 3876 llujns
630 3803 695 3856 Anii
708 3803 779 3856 Tulli
789 3804 900 3856 Volsco·
942 3823 1033 3857 vocem
1044 3823 1193 3877 expungere
1205 3825 1257 3858 non
1270 3805 1411 3860 dubitavit.

394 3909 452 3946 rum
464 3885 591 3958 principis
603 3883 718 3954 hospitio
732 3884 853 3936 utebatur
865 3883 899 3948 Q.
984 3903 1009 3935 a.
1023 3885 1170 3938 detulerunt.
1181 3884 1296 3950 Quidam
1308 3886 1457 3941 detulerint.

394 3969 509 4024 Marcius
520 3963 685 4017 Coriolanus.
942 3962 1034 4015 Livius
1046 3961 1079 4015 de
1091 3963 1181 4017 eadem
1193 3983 1236 4028 re,
1244 3966 1286 4031 11,
1298 3967 1349 4034 39:
1365 3993 1376 4012 ι
1388 3985 1458 4020 con-

437 4067 461 4104 ι.
473 4045 594 4100 Ludorun
608 4046 698 4112 grona
715 4039 807 4094 Audax
823 4041 900 4094 Cole-
943 4043 1011 4094 soles
1026 4061 1108 4114 quum
1124 4042 1158 4097 ad
1171 4056 1257 4116 patres
1270 4063 1327 4096 rem
1343 4042 1457 4100 dubiam

396 4147 456 4194 ms,
471 4123 544 4199 quod
559 4141 642 4196 φιαω
657 4122 689 4174 ab
700 4139 755 4174 uno
765 4118 856 4174 codiee
869 4121 899 4173 P.
943 4123 993 4174 snb
1005 4135 1077 4176 certo
1091 4135 1196 4177 auctore
1208 4121 1371 4178 detulissent.
1384 4136 1395 4158 ·
