3110 5134
204 521 300 587 CAP.
319 520 368 604 X,
386 519 453 586 DE
476 518 972 603 PRONUNTIATIONE,
989 543 1061 588 nac.
1097 543 1160 588 tor

137 655 186 743 qui
202 648 401 742 predicabat.
425 650 542 717 Fertur
565 649 718 743 quidam,
738 673 840 743 quum
872 651 1049 720 admodum
1071 677 1167 720 senex

137 756 233 847 prima²
249 756 396 822 concioni
418 754 549 823 Periclis
572 753 804 824 adolescentuli
820 756 1005 840 interesset,
1018 757 1169 850 idemque

134 861 244 951 juvenis
259 862 459 928 Pisistratum
481 860 550 952 jam
570 859 773 954 decrepitum
793 863 1041 930 concionantem
1062 863 1169 930 audis-

137 980 192 1050 set,
210 989 272 1032 non
292 981 490 1060 temperasse
517 966 578 1034 sibi
599 967 793 1060 quominus
814 966 1030 1053 exclamaret,
1054 972 1173 1038 Caveri

136 1071 212 1138 illum
238 1076 338 1140 et'rem
365 1087 539 1166 oportere,
564 1071 659 1165 quod
676 1075 851 1140 Pisistrati
874 1077 1025 1140 orationi
1043 1073 1167 1141 sonilli-

137 1199 182 1243 ma
201 1177 268 1266 ejus
293 1193 384 1246 esset
402 1183 534 1262 oratrb;
557 1201 617 1246 nec
638 1177 806 1246 hominem
829 1191 886 1266 aut
907 1179 1077 1246 aestimatio
1099 1177 1169 1246 elo-

136 1283 207 1372 quii,
224 1297 278 1352 aut
296 1307 427 1351 morum
446 1281 639 1378 augurium¹
658 1281 781 1351 fefellit.
800 1282 890 1372 Quid
910 1287 997 1353 enim
1019 1285 1104 1352 inter
1118 1285 1167 1350 Pi·

137 1385 281 1455 sistratum
304 1403 340 1456 et
360 1388 517 1470 Periclem
543 1388 710 1474 interfuit,
734 1390 796 1458 nisi
819 1387 909 1482 quod
930 1387 982 1457 ille
1004 1403 1169 1472 armatus,

136 1489 258 1562 hicsine
278 1495 379 1562 armis
400 1493 605 1586 tyrannidem
618 1492 750 1587 ,gessiti

178 1594 206 1666 3.
219 1599 387 1686 Quantum
402 1599 586 1693 eloquentia
600 1597 738 1668 valuisse
749 1598 952 1692 Hegesiam³‚
964 1601 1171 1693 cyrenaicum

137 1701 369 1798 philosophum,
387 1703 610 1774 arbitramur?
627 1709 683 1798 qui
706 1707 752 1774 sic
768 1703 852 1773 mala
871 1707 946 1774 vitae
961 1719 1170 1799 repraesenta·

135 1805 197 1894 bat,
213 1823 247 1878 ut
264 1835 382 1880 eorum
402 1810 614 1880 miseranda
592 1812 746 1940 unagine
764 1809 968 1878 audientium
984 1811 1172 1905 pectoribus

136 1911 248 2000 inserta,
262 1914 376 1984 multis
393 1901 603 1984 voluntariae³
618 1917 733 1984 mortis
752 1915 944 2010 oppetendae
960 1917 1172 2010 cupiditatem

136 2017 347 2110 ingeneraret?
364 2021 506 2115 Ideoque
525 2045 544 2090 a
564 2046 641 2114 rege
655 2020 831 2090 Ptolemaeo
845 2019 981 2090 ulterius
1001 2020 1064 2090 hac
1078 2020 1119 2090 de
1138 2045 1173 2088 re

137 2119 271 2195 disserere
293 2127 478 2221 prohibitus
499 2141 556 2195 est.

481 2312 715 2400 CAPUT
759 2314 815 2400 X.

187 2503 227 2564 De
237 2503 500 2591 pronuntiatione
518 2517 549 2566 et
563 2518 638 2591 apto
656 2516 744 2568 motu
759 2507 895 2592 corporis
911 2508 944 2568 in
958 2505 1117 2569 Ilonrunis.

326 2675 347 2705 r.
357 2659 383 2705 C.
394 2659 506 2706 Graccho.
516 2685 546 2694 -
559 2673 580 2705 a.
589 2661 620 2717 Q.
630 2659 762 2711 Hortensio.
774 2687 804 2695 -
813 2661 836 2706 3.
847 2662 882 2706 rt.
892 2661 978 2708 Tullio.

194 2789 236 2851 De
244 2792 503 2878 pronuntiatione
520 2805 552 2853 et
567 2804 640 2879 apto
658 2807 744 2855 motu
755 2795 890 2880 corporis
905 2795 937 2855 in
951 2795 1112 2857 Externis.

497 2957 653 3002 υιωοιιιιιηι
668 2937 808 3003 'autumn

185 3094 229 3146 DE
247 3096 571 3150 PRONUNTIATIONE
589 3098 637 3150 ET
656 3098 750 3150 APTO
769 3097 875 3150 MOTU
897 3098 1072 3152 CORPORIS
1093 3101 1133 3152 IN
1216 3115 1218 3123 ⁸

565 3193 733 3247 ROMANIS

155 3348 380 3444 Eloquentiae
402 3364 512 3420 autem
531 3366 724 3420 ornamenta
744 3353 778 3420 in
798 3356 1065 3486 pronuntiatione
1088 3371 1182 3451 apta,

132 3467 161 3520 et
178 3457 386 3524 convenienti
408 3443 522 3525 motu⁴
539 3459 686 3552 corporis
705 3459 896 3528 consistunt.
915 3447 1064 3549 Quibus⁵
1080 3487 1182 3556 quum

130 3642 205 3694 apes·
220 3645 283 3679 nam
305 3625 368 3697 quia
387 3626 472 3678 mellis
494 3627 635 3690 meminit,
718 3630 743 3682 3.
766 3629 917 3682 Voluntaria
936 3637 1018 3684 mortis
1038 3635 1184 3705 oppetendo.

129 3705 236 3758 rectem
251 3703 408 3777 metaphora
421 3705 562 3776 persistens
575 3725 637 3760 acu·
676 3707 726 3760 Ed.
745 3721 796 3760 vet.
813 3727 873 3761 cum
889 3709 960 3764 Ultr.
955 3712 1056 3782 ,prim
1070 3714 1185 3766 uolunta·

128 3781 178 3837 leus
192 3783 279 3838 addit,
677 3791 745 3839 riam
765 3786 865 3840 Eadem
884 3807 944 3842 cum
961 3791 1093 3862 plerisque
1110 3792 1184 3847 MSS.

167 3881 190 3914 r.
207 3867 356 3933 Augurium,
365 3863 453 3915 Omen
462 3876 488 3916 et
498 3862 636 3919 drvrnmro.
669 3867 823 3938 appetendo.

164 3961 192 3994 r
207 3943 350 4012 Hegesian.
360 3943 480 3995 Laertius
493 3943 633 4016 Aristipp.;
720 3952 745 4008 4.
761 3946 840 3998 Motu.
856 3947 1040 4001 Pronuntiatio
1052 3961 1092 4001 est
1101 3949 1185 4013 vocis,

126 4019 178 4071 Cic.
194 4022 278 4073 Tusc.
293 4022 323 4086 I,
345 4023 453 4084 34-
413 4021 633 4094 —Cyrunaicurn
679 4025 766 4077 vultus
779 4038 805 4078 et
816 4039 902 4096 gestus
912 4027 1058 4081 moderatio
1071 4045 1188 4080 cumve·

125 4097 509 4172 Quorumauctordristippuq
516 4102 637 4172 quirum·
680 4117 790 4158 nustate

33 4225 34 4248 ἶ
129 4195 200 4230 mum
212 4181 315 4232 bonum
328 4199 343 4232 e
355 4181 490 4251 voluptate
505 4181 587 4252 petiit.
723 4183 748 4235 5.
756 4183 856 4252 Quibus.
863 4183 1051 4254 sliquotttss.
1059 4204 1108 4254 qur
1096 4185 1192 4239 Male,

304 4281 309 4290 ·
1024 4275 1036 4314 ³

993 4314 1012 4383 7
