3152 5134
378 524 421 605 td
556 519 777 590 VALERII
805 515 1009 584 MAXIMI
1037 517 1132 583 Llll.
1161 517 1248 584 Vll.

371 649 526 746 pulissesl
546 675 566 721 a
587 651 723 721 caritate
745 645 833 716 istud
853 645 1050 741 praestatur¹.
1064 677 1080 710 a
1103 649 1147 714 At
1164 671 1244 716 vero
1265 662 1342 717 ante
1358 650 1435 718 Phi·

371 759 480 854 lippus
500 757 624 850 majore
640 781 681 825 ex
699 765 793 850 parte
809 769 976 822 mercator
995 755 1154 840 Graecite,
1171 775 1272 847 quam
1291 756 1408 824 victor.

430 911 484 958 ιι.
512 881 703 956 Aristoteles
729 897 839 952 autern
869 881 1103 954 Callisthenem
1129 884 1315 955 auditorem
1338 912 1436 956 suum

372 993 414 1062 ad
436 990 659 1064 Alexandrum
681 987 867 1059 dimittens²
890 992 1032 1076 monuit,
1058 1004 1125 1058 aut
1144 1015 1220 1058 cum
1243 1015 1283 1060 eo
1304 1006 1362 1060 aut
1383 1017 1436 1061 ra-

372 1099 513 1187 rissime,
533 1113 591 1167 aut
611 1119 711 1192 quam
726 1093 964 1190 jucundissime
980 1095 1202 1190 loqueretur:
1225 1122 1291 1191 quo
1312 1097 1437 1168 scilicet

371 1204 459 1300 apud
484 1207 588 1298 regias
612 1227 707 1271 aures
729 1200 781 1270 vel
809 1199 938 1270 silentio
962 1204 1081 1290 tutior,
1105 1201 1155 1270 vel
1179 1227 1333 1273 sermone
1351 1221 1438 1274 esset

371 1313 574 1407 acceptior.»
597 1311 640 1377 At
653 1305 707 1376 ille
720 1307 800 1376 dum
813 1305 1037 1377 Alexandrum
1058 1308 1271 1378 macedonem
1291 1297 1436 1405 persica³

372 1415 566 1486 salutatione
580 1413 777 1509 gaudentem
793 1413 962 1508 objurgat,
976 1427 1009 1482 et
1023 1411 1065 1482 ad
1080 1413 1309 1484 macedonicos
1327 1443 1436 1486 mores

372 1523 511 1591 invitum
533 1545 690 1590 revocare
705 1519 865 1588 benevole
880 1535 1086 1613 perseverat,
1104 1521 1219 1614 spiritu
1240 1546 1351 1591 carere
1364 1523 1434 1618 jus·

372 1650 444 1716 sus,
466 1651 572 1697 seram
591 1625 732 1722 neglecti
750 1623 889 1694 salubris
911 1623 1035 1696 consilii
1057 1627 1283 1721 poenitentiam
1305 1629 1380 1724 egit.

425 1750 518 1820 Idem
546 1734 765 1819 Aristotcles⁴
791 1747 834 1818 de
855 1754 1033 1845 semetipso
1058 1755 1093 1818 in
1120 1766 1275 1820 nazaram
1294 1766 1436 1845 partem

374 1857 470 1952 loqui
494 1855 615 1926 debere
637 1853 837 1951 praedicabat
858 1882 865 1922 :
887 1860 1050 1949 qttont'ctm
1078 1855 1225 1924 laudare
1249 1881 1303 1943 se,
1329 1865 1434 1940 uani,·

263 2021 264 2027 ,
371 1969 582 2059 properare,
606 1963 704 2030 stulti
714 1977 810 2030 esset.
828 1959 986 2053 Ejusdem
1003 1977 1053 2030 est
1066 1960 1275 2031 utilissimum
1290 1989 1435 2058 praecep·

415 2198 440 2231 r.
458 2178 485 2230 A
501 2179 601 2229 caritate
615 2175 680 2226 isutd
690 2185 829 2245 prestatur.
843 2175 882 2227 At
925 2171 1128 2234 Macedonibus.
1137 2173 1182 2230 sed
1195 2179 1228 2231 ab
1238 2179 1362 2232 omnihus
1367 2181 1435 2252 ,qui

371 2275 430 2309 sero
449 2267 504 2308 ante
518 2255 654 2326 Philippus.
675 2253 715 2306 Ita
729 2269 790 2306 oum
811 2251 881 2306 Aldu
926 2254 1129 2320 circumerant,
1143 2257 1306 2322 sivePersae,
1315 2259 1437 2312 aiveMa-

373 2334 580 2407 Pighiusedidit.
588 2333 809 2405 SedquumMSS.
815 2333 883 2386 mul·
925 2332 1037 2388 cedones
1057 2349 1158 2399 essem,
1177 2338 1291 2392 voluisse
1309 2339 1435 2392 bonomi

374 2429 431 2469 tum
445 2416 514 2470 inter
533 2434 560 2469 sc
583 2413 753 2478 dissentiam,
770 2413 813 2466 alii
832 2414 881 2468 aliu
925 2415 1081 2468 salutatione
1090 2416 1300 2489 Persarum,qur
1311 2422 1436 2490 prostratu

373 2497 523 2567 conpetere,
537 2495 647 2550 Colerus
657 2513 663 2547 :
674 2514 690 2546 a
699 2496 799 2544 caritate
808 2491 880 2548 istud.
925 2513 998 2564 reges
1015 2513 1075 2547 suos
1098 2493 1251 2550 adorabant.
1269 2497 1315 2550 Eat
1329 2515 1437 2570 quoque

372 2575 448 2627 Pater
465 2595 524 2626 vero
539 2575 682 2646 Philippus,·
696 2591 775 2645 quum
793 2575 882 2642 conje·
925 2574 1055 2646 emphasis
1070 2574 1097 2626 in
1108 2594 1153 2639 eo,
1162 2575 1342 2630 Alexandrum
1357 2597 1435 2628 mace-

371 2667 474 2708 cturaui
494 2655 589 2727 prohat
607 2655 739 2708 Veratius.
760 2653 881 2706 Perieoa.
925 2653 1009 2706 donem
1030 2659 1125 2725 persica
1141 2655 1295 2708 reluctatione
1317 2658 1436 2728 gavisum

373 2753 437 2804 vcro
454 2735 523 2788 inter
539 2746 653 2788 cetera.
647 2752 653 2764 ·
672 2734 707 2784 ud
725 2751 828 2784 amorem
849 2737 885 2784 tri
926 2751 988 2786 esse.
995 2734 1163 2788 —Beaerole
1167 2735 1242 2789 Hanc
1249 2755 1436 2808 vocemquam

373 2814 521 2908 cpmpulisses
535 2835 563 2865 ac
581 2817 711 2865 ceritatem
733 2812 804 2865 Istud
812 2825 884 2882 pater
925 2811 1000 2883 Pigh.
1006 2811 1436 2908 conandicentibuslibriserpun·
1445 2837 1449 2844 ·

373 2895 424 2964 eJ'as
437 2893 577 2986 Philippus.
581 2893 646 2946 Ει
626 2911 664 2946 uc
673 2891 818 2944 Torreuius
828 2891 882 2946 Vt·
926 2905 1007 2957 xerat,
1010 2893 1099 2946 Vorst
1106 2895 1248 2947 revocarit
1257 2895 1360 2949 Mento.
1366 2895 1436 2950 Nam

372 2975 468 3028 larium
487 2955 619 3045 scripsisse
639 2983 723 3044 putat.
745 2973 772 3024 A
787 2991 837 3043 pro
855 2989 883 3024 ec
925 2972 1108 3026 benevolentis
1123 2973 1167 3026 illo
1184 2975 1366 3040 Callisthenis,
1383 2995 1438 3048 qua

373 3052 449 3108 facile
463 3054 542 3107 scribi
560 3053 649 3125 potuit
663 3052 723 3105 ob
715 3064 837 3104 iteratum
850 3071 883 3113 c,·
925 3050 1104 3104 Alexandrum
1112 3051 1147 3107 ad
1155 3053 1338 3108 macedonicos
1348 3075 1438 3109 mores

372 3131 440 3186 linea
449 3152 513 3186 vero
522 3146 667 3186 transversa
677 3131 766 3183 rufine
776 3151 880 3204 supere,
925 3149 1049 3184 revocare
1068 3131 1187 3198 studuit,
1201 3147 1309 3206 apparet
1322 3153 1352 3186 er
1370 3135 1438 3206 ipsis

372 3213 522 3282 simillimus
532 3233 567 3273 m,
579 3211 718 3284 permultis
727 3211 791 3262 locis
804 3211 881 3262 omia·
926 3214 981 3280 ejus
994 3211 1098 3277 verbis,
1112 3229 1170 3284 quar
1191 3225 1253 3266 sunt
1271 3211 1341 3285 apud
1356 3215 1435 3268 Curt.

374 3311 402 3344 sa
414 3303 465 3356 est,
475 3304 697 3361 utrectequoque
708 3291 820 3342 Torren.
833 3309 883 3342 no·
927 3292 1007 3356 VIII,
1022 3292 1051 3355 5,
1071 3311 1116 3345 ra.
1134 3293 1267 3346 Nimirum
1277 3294 1438 3364 precabatur

375 3371 446 3424 tevit.
926 3369 971 3422 ille
986 3373 1041 3441 regi
1055 3389 1139 3424 seram
1154 3371 1392 3438 immortalitatem,
1404 3389 1438 3428 ut

416 3468 441 3502 a.
464 3451 601 3502 Dimittens.
616 3446 680 3500 Vid.
701 3447 835 3498 Plutarch.
855 3449 883 3500 in
926 3449 980 3501 vita
995 3449 1119 3504 diuturna
1135 3465 1202 3504 esset
1224 3472 1253 3505 ac
1267 3464 1363 3506 eterna
1377 3469 1438 3506 rna·

376 3529 465 3593 Alex.;
480 3530 566 3580 Laert.
578 3529 792 3590 inAriat.;Curt-
800 3527 884 3594 VIII,
924 3530 1011 3598 jestas.
1027 3561 1066 3572 —-
1086 3531 1178 3584 Iussus.
1198 3531 1353 3603 Indignatus
1374 3533 1441 3586 Ale-

377 3607 410 3670 5,
437 3611 469 3670 6,
491 3621 516 3660 et
535 3626 586 3672 ¹²3
606 3625 662 3678 cap.
679 3609 711 3665 8,
731 3624 780 3668 ιιι
801 3606 883 3658 tussi·
927 3607 1041 3672 rander,
1057 3610 1159 3681 objecto
1174 3612 1213 3663 illi
1229 3613 1293 3664 falso
1306 3611 1439 3678 crimine,

373 3705 453 3752 rrum,
466 3687 526 3739 XV.
926 3686 998 3758 quod
1007 3687 1140 3742 Hermolai
1146 3691 1334 3762 conjurationis
1343 3705 1442 3746 auctor

420 3767 445 3818 3.
469 3765 620 3818 Macedonem
634 3769 734 3836 persica.
751 3763 825 3818 Hanc
846 3765 883 3817 le·
926 3767 1079 3838 exstitisset,
1092 3770 1119 3822 in
1140 3787 1270 3824 carcerem
1289 3787 1350 3824 eum
1370 3789 1443 3824 con·

371 3845 501 3908 ctionem,
513 3844 590 3896 MSS.
602 3857 628 3898 et
639 3845 753 3914 antiquis
764 3842 825 3896 edd.
837 3844 883 3897 lir-
924 3847 970 3917 jici
985 3848 1069 3918 jussit.
1088 3851 1127 3902 De
1146 3851 1269 3922 supplicii
1288 3867 1383 3921 genere
1397 3850 1443 3904 di-

376 3938 487 3990 matam,
503 3925 597 3978 merito
612 3925 725 3978 Tor-ren.
738 3925 882 3990 revocavit,
926 3939 1047 3998 strepant
1058 3942 1185 3982 auctores¹

372 4023 455 4075 quum
469 4005 543 4076 Pigh.
560 4002 684 4057 edidisset
697 4007 791 4073 persica
809 4023 883 4055 mace-
960 4007 1444 4068 4.Arr'stoteles.DeAristoteliaEtlrica

373 4085 468 4138 dorum.
480 4085 559 4137 Recte
569 4083 639 4136 emm
651 4081 881 4135 observavitPeri-
926 4084 979 4139 vid.
995 4087 1125 4140 Francieci
1138 4087 1243 4140 Patricii
1255 4089 1445 4143 Discussiones

374 4165 478 4226 tantus,
494 4162 670 4216 Alexandrum
683 4183 737 4216 non
753 4174 880 4216 tantuma
925 4167 1121 4238 peripateticae,
1134 4185 1192 4237 pag.
1206 4168 1238 4219 31
1255 4181 1282 4219 et
1298 4175 1334 4242 76
1349 4187 1406 4241 sqq.
