3110 5134
175 515 284 582 CAP.
309 515 391 600 111,
409 515 477 582 DE
500 515 853 584 MULIEBRIBUS
874 517 1057 586 CAUSlS.
1115 515 1162 611 75

443 733 478 822 C
492 733 578 820 ΑΡ
590 733 633 822 U
647 735 687 821 T
727 735 747 820 Ι
759 736 811 821 ΙΙ
815 803 825 822 .

94 949 153 1015 De
173 943 369 1016 inub'eribzu
389 967 469 1040 quoe
489 968 617 1014 causas
637 945 735 1041 apud
753 945 976 1042 magistratum
994 947 1164 1044 egemus.

162 1156 184 1187 ι.
198 1141 299 1188 maun
311 1139 397 1187 senua.
409 1165 440 1174 -
452 1154 473 1186 2.
485 1137 581 1186 unu·
591 1138 674 1186 naui
684 1139 813 1187 namon..
826 1167 857 1177 -
869 1141 891 1189 a.
903 1143 1064 1202 nomano.
1076 1145 1103 1191 a.

150 1311 206 1379 Ne
225 1308 267 1378 de
285 1309 335 1378 bis
351 1308 484 1403 quidem
500 1307 629 1378 feminis
646 1308 823 1378 tacendum
837 1324 905 1399 est,
923 1337 1005 1406 quas
1017 1312 1166 1383 conditio

98 1431 251 1504 natura,
272 1430 306 1484 et
322 1414 528 1485 verecundiae
548 1413 631 1484 stola
640 1413 664 1504 ²,
680 1429 719 1484 ut
736 1416 771 1483 in
787 1414 861 1486 foro
878 1431 911 1486 et
923 1417 1052 1511 judiciis
1073 1433 1164 1488 tace-

99 1536 196 1611 nent,
215 1521 372 1591 cohibere
389 1547 458 1591 non
476 1520 588 1590 valuit.

162 1653 193 1697 1.
211 1629 349 1698 Amaesia
364 1627 475 1697 Sentia
487 1652 545 1696 rea
552 1612 576 1715 ³,
591 1651 724 1698 causam
740 1651 854 1716 suam,
870 1631 909 1698 L.
923 1629 1009 1699 Titio
1025 1646 1166 1725 pretore

99 1734 261 1828 judicium
278 1748 437 1830 cogente,
456 1735 601 1804 maximo
621 1732 737 1831 populi
757 1758 922 1804 concursu
936 1738 1003 1831 egit
1017 1731 1025 1804 i
1041 1751 1166 1833 partes·

102 1866 168 1936 que
189 1865 305 1910 omnes
326 1865 366 1910 ac
386 1826 562 1910 numer0s⁴
584 1839 781 1910 defensionis
807 1865 875 1910 non
896 1839 1003 1910 solum
1025 1841 1167 1940 diligen·

102 1963 168 2036 ter,
177 1948 237 2016 sed
246 1949 346 2016 etiam
361 1947 492 2016 fortiter
505 1961 700 2041 exsequuta‚
711 1961 745 2016 et
757 1948 865 2041 prima
875 1948 1021 2034 actione,
1033 1963 1066 2018 et
1074 1975 1168 2044 paene

104 2055 230 2124 cunctis
248 2055 419 2124 sententiis
438 2051 576 2122 liberata
592 2067 651 2123 est.
670 2054 803 2142 Quam,
825 2054 901 2148 quia
920 2053 981 2123 sub
1001 2057 1108 2150 specie
1126 2055 1169 2124 fe
1245 2117 1250 2129 .

105 2162 199 2230 mina
214 2159 344 2230 virilem
359 2163 506 2230 animum
521 2159 676 2254 gerebat,
688 2159 934 2254 Androgyuem
950 2159 1169 2256 appellabant.

155 2293 188 2336 a.
204 2269 245 2336 C.
265 2251 360 2336 ver0⁵
378 2267 535 2353 Afrania,
553 2266 672 2335 Licinii
692 2267 866 2336 Buceionis
888 2269 1047 2337 senatoris
1065 2293 1173 2356 uxor,

106 2387 260 2468 prompta
278 2373 322 2442 ad
341 2371 414 2442 lites
431 2371 693 2460 contrahendas,
711 2396 774 2467 pro
787 2397 821 2442 se
836 2397 967 2467 semper
980 2373 1069 2469 apud
1108 2400 1172 2444 rae-

104 2492 208 2548 torem
228 2480 336 2549 verba
357 2479 456 2548 fecit:
472 2503 542 2548 non
560 2476 650 2572 quod
671 2476 841 2548 advocatis
860 2477 1099 2568 deficiebatur,
1114 2479 1171 2550 sed

105 2585 191 2678 quod
208 2584 415 2682 impudentia
435 2584 635 2655 abundabat.
657 2587 774 2678 Itaque
794 2586 957 2654 inusitatis
977 2584 1051 2655 foro
1069 2585 1173 2656 latra-

103 2691 209 2761 tibus⁷
226 2691 357 2762 assidue
381 2689 559 2760 tribunalia
580 2689 785 2778 exercendo,
802 2689 971 2761 muliebris
1000 2690 1173 2763 calumniae

149 2913 175 2944 ι.
193 2893 309 2962 ugeram.
324 2892 376 2947 Ed.
391 2905 444 2946 vet.
458 2911 520 2946 cum
534 2891 614 2946 MSS.
652 2894 780 2960 suasionis.
792 2893 885 2946 Nervus
899 2906 989 2946 ortum
1004 2906 1043 2947 eet
1057 2913 1089 2947 ex
1102 2912 1175 2948 oom-

102 2969 385 3044 multitatedffl'igh.
393 2971 544 3044 prioribus:
561 2993 615 3045 quoe
657 2970 757 3043 pendia
777 2971 909 3025 scribendi
929 2972 1005 3032 nuos,
1022 2983 1053 3026 nt
1067 2974 1096 3026 in
1112 2974 1172 3046 qui·

100 3051 217 3102 nulu'em
232 3051 298 3122 apud
309 3057 460 3123 magistr-atas
471 3071 518 3122 pm
533 3071 558 3103 se
572 3063 616 3104 aue
657 3049 771 3104 busdam
785 3063 877 3103 exstat.

95 3151 146 3201 pro
160 3131 220 3182 atu
234 3149 317 3182 causas
331 3145 438 3202 egerunt.
700 3129 727 3184 5.
752 3129 786 3184 G.
801 3149 859 3181 vero
873 3129 990 3196 Afrania.
1015 3130 1171 3186 praenomen

142 3231 169 3264 ι.
183 3209 265 3264 Stoa.
281 3211 313 3264 In
329 3223 454 3264 uenatum*
463 3209 554 3263 venire
575 3209 615 3262 se·
660 3209 690 3262 C.
702 3247 710 3273 ,
721 3209 763 3262 vel
776 3208 826 3273 G..
837 3209 880 3262 vel
893 3207 972 3274 Gaia,
985 3221 1068 3262 exstat
1080 3212 1170 3265 saltem

98 3291 200 3354 minas,
208 3291 249 3342 fas
257 3309 313 3342 non
324 3302 387 3344 erat.
400 3291 493 3360 Itaque
503 3302 563 3360 post
572 3287 616 3342 Se·
658 3286 786 3342 indecem
793 3287 869 3342 MSS.
880 3289 1004 3342 Torrenii
1012 3302 1038 3342 et
1046 3291 1175 3347 omnibus

97 3369 251 3423 mimirum
267 3369 431 3442 Heliogabali
447 3381 559 3422 matrem
575 3386 615 3421 ae·
656 3369 766 3421 vetustis
778 3366 1016 3421 edd.1nedit.vet.
1026 3381 1066 3422 est
1078 3370 1170 3438 Casm-

94 3467 160 3503 vere
168 3463 280 3504 cautum
289 3462 511 3521 eat‚neunquam
519 3447 615 3500 mulier
657 3450 713 3508 nia,
741 3447 780 3501 uti
806 3447 877 3518 apud
900 3447 1045 3520 Ulpianum
1072 3450 1101 3502 in
1122 3452 1170 3504 Di·-

93 3529 122 3581 in
132 3542 262 3584 senatun
271 3527 470 3601 ingrederetur,
482 3539 565 3600 utque
575 3527 615 3580 in·
656 3527 749 3598 gestia,
764 3527 811 3580 nbi
831 3527 947 3580 Alciatna
965 3541 1037 3582 reete
1055 3529 1118 3601 legit
1135 3531 1166 3585 C.

92 3609 157 3662 feris
168 3611 230 3682 ejus
240 3621 321 3682 capnt
330 3608 464 3663 dicaretur
471 3605 613 3661 devovere·
656 3607 773 3676 Asmmb.
792 3607 957 3660 praenomina
972 3627 1040 3680 saepe
1052 3627 1115 3663 cnm
1127 3629 1168 3664 se·

91 3699 210 3761 tuaque,
223 3707 275 3760 per
290 3707 369 3759 quem
379 3686 408 3741 id
421 3699 487 3742 esset
498 3687 612 3747 factum,
656 3686 798 3757 qnentibus
817 3686 969 3740 nominibus
988 3689 1114 3743 coaluisse
1128 3691 1168 3744 in·

90 3771 129 3824 nti
141 3770 233 3822 refert
244 3767 422 3840 Lampridius.
656 3777 696 3820 ter
703 3765 766 3818 ulios
775 3766 878 3838 egregie
886 3764 1074 3822 demonstravit
1081 3770 1166 3822 Periz.

131 3850 159 3903 3.
178 3850 246 3901 ua.
262 3850 294 3901 A.
308 3849 343 3900 U.
364 3851 430 3918 676.
655 3843 795 3900 Animadv.
803 3845 871 3898 Uist.
883 3865 910 3918 p.
923 3846 988 3908 455.
1000 3845 1044 3900 sio
1054 3851 1166 3919 Agelaus

128 3935 160 3992 4.
175 3929 311 3983 umeros.
328 3928 351 3980 1.
369 3926 550 4000 aperientem
565 3925 612 3980 de·
655 3943 705 3996 pro
712 3929 748 3979 A.
763 3924 998 3980 Gellius-Fecit.
1011 3929 1043 3980 A.
1053 3928 1088 3979 U.
1100 3929 1166 3997 705.

85 4009 257 4062 Ιωιὶοιιεπι.
274 4007 330 4061 Cic.
348 4006 383 4060 de
401 4007 434 4060 N.
455 4008 489 4059 D.
506 4007 550 4072 ΙΙ,
569 4007 612 4072 ¹3,
695 4009 722 4058 6.
737 4003 907 4074 Deficiebatur.
921 4006 1124 4059 Destituebatur.

84 4089 156 4142 Infr.
174 4087 270 4153 VIII,
283 4105 316 4156 7.
328 4091 358 4140 a.
371 4089 441 4140 Ante
455 4085 530 4157 Pigh.
543 4085 612 4156 lege·
696 4104 722 4155 7.
737 4085 884 4139 luentibus.
898 4083 979 4138 Unde
987 4097 1014 4138 et
1023 4082 1091 4136 illud
1103 4085 1166 4137 Ovi·

83 4168 167 4224 batnr
183 4186 191 4221 :
209 4177 334 4240 motusque
345 4185 424 4221 oms
434 4186 464 4219 ac
476 4185 558 4220 nervus
570 4167 612 4217 de·
655 4162 693 4218 dii
703 4165 800 4220 :verba
814 4165 908 4218 canina
917 4176 974 4217 toto
988 4165 1046 4216 soro
1058 4164 1164 4234 jactare.
