3152 5134
297 469 300 474 ⁶
328 532 393 578 vm
590 510 849 578 caesario
876 513 1137 580 enrroars.

328 667 444 738 indicis
465 670 650 740 Graecitatis
668 667 861 754 Platonicae5
883 672 944 756 ito,
966 685 1003 738 ut
1026 695 1132 766 neque
1156 671 1294 742 verbum
1318 675 1399 746 desit

328 791 453 878 ullum,
472 817 578 886 neque
597 791 694 860 ullius
717 793 809 860 verbi
824 792 982 862 Platonici
999 795 1049 864 vis
1067 809 1136 863 turn
1157 798 1309 891 propria,
1328 813 1397 884 turn

327 917 437 1000 varia,
448 928 519 984 tum
537 917 708 998 universa,
725 913 823 1009 poulo
843 913 992 984 subtilius
1008 915 1179 1010 esplicata.
1194 921 1320 990 Verum
1334 921 1398 991 hoc

326 1042 361 1106 in
383 1041 554 1133 praesentia
577 1035 657 1104 nihil
679 1035 720 1105 ad
741 1061 809 1106 nos.
827 1033 914 1104 Illud
934 1038 977 1108 ad
994 1063 1074 1126 nos,
1087 1041 1170 1108 istuc
1185 1065 1318 1136 quoque
1333 1043 1398 1112 Vo

327 1160 440 1230 lumen
453 1161 604 1230 editionis
614 1173 735 1228 nostrae
742 1153 832 1248 (nam
845 1161 878 1227 in
893 1175 1021 1254 partem
1032 1161 1169 1232 alteram
1179 1217 1188 1249 ,
1200 1189 1273 1257 quae
1287 1166 1398 1236 subse·

324 1276 455 1380 quitur,
474 1286 675 1378 conjecimus
697 1283 739 1352 de
766 1297 973 1354 ostentorum
994 1287 1210 1380 scriptoribus
1233 1313 1289 1358 eos
1310 1289 1396 1378 sere,

325 1435 408 1504 quos
429 1411 470 1478 ad
487 1405 717 1478 illustrandum
733 1407 903 1478 Valerium
925 1407 1087 1503 proficere
1106 1411 1284 1506 plurimum
1304 1415 1396 1484 arbi-

324 1535 511 1614 trabamur,
525 1531 648 1601 Julium
665 1531 929 1626 Obsequentem,
942 1535 1077 1602 Joannis
1092 1531 1176 1628 Lydi
1193 1535 1395 1630 fragmenta,

325 1655 635 1750 Astrampsychum,
657 1655 901 1750 Nicephorum,
918 1657 1085 1726 Zoroastri
1106 1652 1274 1748 oracula),
1295 1662 1394 1750 istuc,

324 1782 476 1872 inquam,
498 1776 664 1846 Volumen
683 1776 840 1861 alterum,
862 1779 895 1845 in
915 1777 997 1848 duas
1015 1795 1126 1874 partes
1144 1781 1302 1867 divisum,
1326 1809 1394 1853 non

324 1927 459 1996 prorsus
478 1899 653 1995 displicere
671 1897 866 1987 lectoribus,
887 1899 1063 1984 latinarum
1087 1901 1273 1993 literamm,
1295 1920 1394 2000 atque

324 2023 407 2096 adeo
425 2025 584 2094 doctrinae
602 2037 780 2109 accurato,
796 2023 932 2118 cupidis.
951 2025 1045 2116 Quos
1066 2051 1141 2110 oro,
1162 2043 1199 2096 ut
1215 2043 1248 2096 et
1263 2053 1317 2098 me
1332 2030 1393 2100 sibi

323 2147 593 2220 commendatum
611 2149 771 2234 habeant,
786 2162 819 2216 et
837 2148 899 2217 toti
913 2147 990 2218 huic
1009 2149 1145 2220 consilio
1159 2151 1201 2220 de.
1219 2149 1391 2248 vulgandis

322 2273 511 2344 auctoribus
532 2271 675 2343 classicis
693 2271 803 2341 favere
822 2288 969 2368 pergant.
1080 2251 1082 2259 ¹

376 2399 498 2493 Scripsi
519 2397 665 2482 Parisiis,
685 2395 769 2491 prid.
791 2420 896 2466 nonas
913 2397 1038 2484 Maias,
1064 2421 1092 2464 a.
1120 2401 1159 2467 C.
1186 2403 1255 2486 clo.
1279 2399 1387 2470 Ioccc.

323 2549 420 2592 xxiii.

1003 2686 1040 2753 C.
1070 2687 1105 2754 B.
1135 2690 1252 2756 Hasr.
1369 2715 1373 2722 ·
