3110 5134
397 523 445 599 86
553 525 779 598 VALERII
807 524 1013 595 MAXIMI
1044 525 1139 595 LIB.
1169 525 1284 598 VIII.

394 686 506 756 regem
536 657 765 728 debellandum
799 657 913 761 consul
938 661 1100 746 venisset,
1124 673 1216 727 tanta
1245 685 1325 727 cura
1348 679 1463 755 graecae

395 765 513 860 linguae
535 769 683 834 notitiam
703 768 813 833 animo
831 765 1100 858 comprehendit,
1114 778 1151 840 ut
1171 789 1243 832 eam
1263 769 1296 833 in
1312 769 1458 860 quinque

394 872 532 940 divisam
553 895 673 966 genera
694 895 754 964 per·
773 895 888 940 omnes
904 883 1014 965 partes
1032 895 1071 939 ac
1084 895 1240 940 numeros
1255 875 1388 966 penitus
1403 893 1458 941 co·

395 993 589 1072 gnosceret:
608 1003 681 1071 quae
701 1003 753 1046 res
776 979 954 1045 maximum
972 979 1002 1043 ei
1020 979 1183 1046 sociorum
1205 1001 1352 1046 amorem
1376 1003 1460 1046 con-

394 1082 537 1170 ciliavit,
556 1105 619 1178 qua
641 1085 714 1177 quis
735 1107 850 1152 eorum
873 1082 984 1176 lingua
1000 1081 1089 1177 apud
1110 1082 1256 1151 tribunal
1277 1083 1362 1153 illius
1383 1109 1461 1178 pos·

394 1188 580 1276 tulaverat,
598 1190 713 1258 eadem
735 1189 866 1258 decreta
885 1189 1042 1257 reddenti.

450 1320 483 1391 7.
498 1298 550 1364 Ne
563 1295 722 1364 Roscius¹
742 1295 874 1390 quidem
894 1295 1123 1382 subtrahatur,
1138 1298 1274 1364 scenicae
1291 1295 1463 1364 industriae

394 1403 601 1471 notissimum
616 1400 824 1495 exemplum,
840 1403 895 1494 qui
913 1399 1040 1468 nullum
1061 1426 1207 1496 unquam
1226 1405 1388 1496 spectanti
1409 1427 1463 1496 po

394 1507 474 1602 pulo
496 1522 642 1602 gestum,
669 1509 730 1576 nisi
748 1532 846 1600 quem
869 1507 959 1575 domi
985 1507 1161 1576 meditatus
1184 1507 1311 1591 fuerat,
1333 1530 1462 1601 ponere

394 1638 494 1682 ausus
511 1627 580 1700 est;
596 1628 799 1708 quapropter
817 1638 884 1681 non
905 1611 1030 1680 ludicra
1046 1637 1099 1682 ars
1116 1616 1294 1699 Roscium,
1312 1613 1370 1681 sed
1386 1615 1462 1682 Ro-

394 1719 482 1787 scius
497 1716 656 1788 ludicram
677 1733 780 1788 artem
800 1719 1065 1804 commendavit3
1084 1745 1145 1787 nec
1158 1718 1249 1813 vulgi
1267 1733 1397 1787 tantum
1419 1719 1463 1787 fa·

394 1837 532 1912 torem,
553 1848 667 1894 verum
694 1828 792 1894 etiam
815 1828 1000 1920 principum
1027 1823 1263 1894 familiaritates
1288 1824 1462 1918 amplexus

395 1945 455 1999 est.
476 1935 554 2000 Haec
572 1947 650 2000 sunt
666 1934 801 2019 attenti,
821 1945 855 2000 et
870 1933 976 2014 anxii,
990 1945 1024 1999 et
1036 1955 1206 2024 nunquam
1227 1932 1384 2000 cessantis
1399 1945 1463 1999 stu-

395 2037 440 2105 dii
464 2040 617 2132 praemia3
636 2053 863 2134 propterque
883 2051 1050 2105 tantorum
1065 2039 1212 2106 virorum
1231 2035 1383 2106 laudibus
1395 2059 1464 2105 non

395 2143 603 2237 impudenter
624 2170 659 2213 se
680 2164 821 2238 persona
842 2145 1008 2212 histrionis
1030 2145 1175 2211 inseruit.

493 2320 545 2372 nn
564 2291 717 2372 srunro
738 2321 789 2374 nr
808 2319 1040 2372 runusrma
1059 2319 1359 2372 uxrnnuonuu.

453 2483 480 2532 t.
504 2469 620 2535 Graeca
638 2492 769 2562 quoque
790 2467 972 2553 industria,
995 2469 1149 2559 quoniam
1173 2479 1294 2534 nostrae
1317 2465 1464 2534 multum

393 2569 535 2664 profuit,
553 2597 649 2665 quem
671 2588 818 2642 meretur
839 2571 1004 2658 fructum,
1022 2571 1121 2639 latina
1131 2570 1251 2664 'lingua
1275 2573 1416 2666 recipiat
1431 2570 1464 2637 ²:

393 2674 653 2764 Demosthenes,
668 2679 762 2770 cujus
780 2691 1040 2746 commemorato
1063 2678 1213 2762 nornine,
1233 2679 1385 2745 maximae
1401 2677 1467 2746 elo

393 2785 534 2876 quentiae
553 2786 794 2853 consummatio
812 2781 974 2850 audientis
991 2784 1102 2848 animo
1118 2781 1285 2866 oboritur,
1299 2808 1405 2875 quum
1421 2786 1469 2852 iu·

394 2902 445 2955 ter
464 2889 553 2956 initia
564 2889 724 2981 juventa,
745 2889 952 2980 mtis,·quam
968 2885 1161 2972 affectabat,
1174 2888 1316 2981 primam
1331 2887 1468 2958 literam

394 2993 504 3062 dicere
523 3017 590 3062 non
610 3008 738 3088 posset,
757 2995 822 3062 oris
841 2995 890 3061 sui
912 2991 1028 3060 vitium
1047 3005 1139 3060 tanto
1157 2991 1265 3061 studio
1285 3018 1472 3087 expugna-

394 3099 460 3183 vit,
477 3114 516 3168 ut
529 3125 568 3168 ea
582 3099 705 3168 anullo
720 3100 903 3194 expressius
917 3097 1111 3184 efferretur,
1125 3098 1243 3166 deinde
1258 3113 1396 3192 propter
1414 3105 1473 3168 ni-

394 3207 493 3271 miam
508 3205 685 3272 exilitatem
698 3205 850 3272 acerbam
863 3203 975 3271 auditu
990 3228 1104 3272 vocem
1120 3227 1212 3271 suam
1226 3205 1476 3275 exercitatione

395 3309 552 3376 continua
570 3307 612 3376 ad
625 3324 789 3408 maturum
808 3324 841 3378 et
855 3324 985 3404 gratum
1003 3307 1137 3378 auribus
1154 3335 1271 3378 sonum
1287 3305 1476 3404 perduxit;

394 3411 503 3480 lateris
521 3415 618 3480 etiam
638 3413 792 3482 firmitate
810 3415 972 3502 defectus,
995 3439 1075 3509 quas
1094 3418 1244 3510 corporis
1266 3412 1407 3486 habitus
1429 3425 1479 3490 vi·

394 3539 447 3585 res
461 3534 654 3610 negaverat,
669 3543 688 3586 a
703 3519 816 3587 labore
827 3536 994 3591 mutuatus
1009 3536 1072 3604 est;
1085 3520 1208 3590 multos
1220 3524 1307 3589 enim
1325 3514 1478 3594 versus³

438 3715 459 3750 r.
472 3700 577 3752 Roscius.
588 3699 651 3754 Vid.
664 3701 720 3755 Cic.
730 3722 779 3774 pro
788 3705 864 3756 Rosc.
874 3717 900 3756 et
943 3705 1037 3775 recipit
1049 3705 1163 3756 fructum
1179 3705 1261 3758 latina
1275 3705 1386 3777 lingua,
1404 3708 1481 3761 duan

393 3777 491 3830 Archia
501 3792 586 3850 poeta.
600 3781 709 3834 Roscius
722 3797 778 3834 eam
790 3783 898 3853 gloriam
944 3783 1029 3836 Graeci
1045 3784 1132 3836 latinis
1147 3785 1236 3837 verbis
1250 3783 1416 3842 laudantur.
1438 3823 1485 3832 -

393 3869 546 3927 assequutus
570 3871 627 3924 est,
646 3873 675 3914 ut
697 3862 848 3933 quicunque
872 3863 899 3914 in
944 3862 1009 3916 vid.
1022 3863 1077 3918 Cic.
1091 3862 1125 3915 de
1139 3863 1187 3916 Or.
1202 3863 1425 3930 1‚61;de1)iv.
1437 3870 1486 3932 11,

391 3935 551 3990 histrionum
566 3951 695 4003 arte,aut
708 3941 899 4004 simili,excel·
946 3947 998 4009 46;
1015 3943 1107 4008 Quint.
1124 3945 1154 4008 1,
1178 3962 1230 4008 ιι,
1248 3943 1282 4007 5;
1305 3944 1352 4009 Χ,
1376 3946 1420 4012 3,
1443 3950 1484 4002 ιδ

391 4017 471 4078 leret,
486 4017 594 4070 Roscius
606 4017 746 4073 diceretur.
761 4019 824 4072 Vid.
842 4022 896 4074 Cic.
942 4035 969 4076 et
984 4023 1039 4088 30,
1057 4033 1083 4074 et
1099 4021 1169 4094 plur.
1186 4022 1261 4074 locis.
1278 4023 1434 4080 Plutarch.
1457 4031 1489 4081 in

391 4094 425 4146 de
437 4096 485 4148 Or.
498 4097 527 4160 1,
542 4109 568 4149 et
579 4098 677 4150 Festus.
942 4102 989 4156 vit.
1003 4101 1140 4154 Demosth.
1154 4102 1211 4155 cie.
1227 4100 1261 4154 de
1275 4102 1334 4154 Fin.
1349 4104 1379 4154 V
1395 4146 1404 4170 ,
1426 4127 1458 4159 a.

426 4176 571 4246 milecipiar.
580 4176 610 4229 Id
619 4191 670 4230 est:
677 4197 759 4249 graeca
767 4179 894 4234 industrie
968 4181 1492 4256 &VersusHoclocononintelligendi
