3108 5136
225 478 330 546 CAP.
360 478 435 562 XI,
463 477 524 544 DE
552 475 675 544 lMPR.
705 475 823 544 DICT.
851 477 909 544 ET
935 475 1057 544 FACT.
1098 477 1163 546 181

120 606 198 676 illud
218 611 252 674 si
274 629 370 700 aqam
396 629 464 674 nou
484 621 652 701 potuero,
679 609 780 674 retina
805 611 1022 700 exstrhguam
1042 633 1050 674 :
1071 628 1169 701 quem

121 713 189 806 quid
204 703 294 780 aliud
312 714 552 798 existimemus,
568 735 667 806 quam
683 713 890 782 conscientiae
908 710 1046 782 stimulis
1059 727 1169 782 actum

119 844 136 888 a
151 844 183 888 se
198 819 391 888 inchoatum
410 817 640 913 parricidium¹
663 816 851 912 peregisse?

165 956 197 1038 4.
219 955 478 1022 Consternatum
503 953 600 1044 etiam
629 952 733 1046 Magii
759 949 925 1021 Chilonis²
948 953 1089 1020 amentia
1113 975 1169 1045 pe·

119 1072 206 1145 ctus,
233 1060 290 1152 qui
318 1061 366 1126 M.
392 1056 551 1148 Marcello
574 1057 689 1125 datum
713 1082 733 1125 a
755 1059 884 1127 Caesare
909 1043 1092 1154 spiritum³,
1113 1081 1171 1125 sua

119 1189 211 1232 manu
226 1165 369 1258 eripuit:
391 1179 486 1233 vetus
505 1165 647 1251 amicus,
666 1150 718 1232 et⁴
738 1165 948 1258 Pompeianae
970 1162 1092 1231 militiae
1112 1187 1171 1230 co-

119 1295 194 1356 mes,
216 1270 405 1365 indignatus
427 1269 569 1365 aliquem
590 1271 773 1338 amicorum
798 1269 840 1338 ab
862 1295 901 1338 eo
928 1269 987 1338 sibi
1006 1267 1172 1363 praeferri,

119 1376 240 1446 Urbem
258 1378 345 1444 enim
364 1399 383 1444 a
399 1376 580 1470 Mitylenis,
599 1401 666 1470 quo
684 1401 718 1445 se
734 1375 936 1462 contulerat,
953 1389 1172 1470 repetentem,

117 1484 146 1548 iu
165 1483 417 1551 Atheniensium
434 1497 534 1576 portu
552 1483 696 1576 pugione
708 1481 877 1580 confodit,
896 1483 1110 1577 protinusque
1130 1481 1171 1548 ad

118 1588 317 1656 irritamenta
344 1589 484 1657 vesanias
516 1613 582 1658 suae
612 1588 806 1658 trucidanda
835 1587 993 1674 tetendit3
1023 1588 1172 1655 amicitias

117 1692 231 1781 hostis,
259 1693 361 1762 divini
381 1694 531 1764 beneficii
560 1695 780 1788 interceptor,
807 1679 969 1788 publicae⁵
991 1692 1174 1786 religionis,

117 1801 200 1892 quod
223 1799 267 1868 ad
287 1798 424 1870 salutem
443 1799 612 1870 clarissimi
637 1801 716 1872 civis
739 1799 999 1893 recuperandam
1022 1800 1173 1886 attinuit,

117 1907 232 1976 acerba
251 1905 350 1974 labes.

168 2037 199 2108 5.
220 2043 317 2108 Hanc
334 2038 579 2128 crudelitatem,
603 2041 656 2107 cui
680 2037 760 2108 nihil
782 2037 878 2132 adjici
905 2063 1001 2134 posse
1025 2035 1174 2122 videtur,

116 2223 187 2277 Catil.
206 2225 253 2278 31.
271 2223 364 2278 Cicero
377 2243 427 2294 pro
444 2224 556 2276 Murena
574 2223 620 2282 2⁵.
706 2223 731 2275 3.
742 2222 864 2292 Spiritum
876 2221 944 2272 Nam
951 2220 1173 2292 Caesarplurimo·

156 2321 175 2355 r.
189 2303 362 2354 Parricidium.
380 2303 474 2355 Sensus
484 2315 523 2354 est
533 2320 539 2354 z
551 2301 621 2354 Cati·
665 2320 725 2354 rum
741 2314 833 2372 rogatu
848 2301 1002 2353 Marcellum
1018 2300 1045 2352 in
1063 2300 1173 2369 gratiam

115 2381 176 2446 lina,
188 2403 270 2454 quem
278 2383 377 2434 stimuli
389 2381 554 2434 conscientiae
562 2399 621 2450 ege·
665 2399 739 2432 suam
750 2393 892 2454 receperat.
903 2378 967 2431 vid.
984 2378 1039 2430 Cic.
1051 2397 1078 2449 p.
1092 2381 1174 2430 lilarc.

115 2474 236 2526 numen
243 2463 512 2534 quiipsenegarenon
518 2473 623 2531 poterat
666 2458 718 2512 Sed
732 2460 787 2539 ipse
802 2461 829 2511 in
843 2461 954 2531 patriam
968 2458 1056 2512 redire
1072 2459 1173 2518 noluit,

113 2542 205 2607 scelus,
214 2541 461 2613 vocesuaimproba
470 2539 622 2592 inchoatum
666 2538 738 2610 quod
750 2538 843 2591 maluit
852 2540 951 2610 ubique
960 2539 1047 2602 exsul,
1058 2556 1137 2608 quam
1147 2538 1174 2590 in

113 2639 160 2672 ase
170 2619 348 2694 parricidium
361 2619 470 2691 peregit.
484 2619 624 2672 Manifeste
665 2613 749 2690 patria
765 2619 821 2670 sinc
832 2619 952 2670 libertate
963 2619 1058 2670 vivere.
1072 2615 1175 2670 Deinde

113 2714 286 2770 opponuntur
300 2701 435 2752 inchoatam
454 2713 481 2752 et
494 2703 621 2768 peregisse.
666 2698 940 2769 amicorumprecibus
947 2698 1102 2766 motus,jam
1108 2695 1176 2748 redi-

111 2781 199 2834 Actum
216 2792 332 2838 nonest
348 2779 556 2844 substantivum,
576 2777 622 2832 sed
666 2780 857 2830 turusllomam
865 2789 933 2834 erat,
946 2796 1028 2848 quum
1037 2787 1176 2828 necaretur

111 2861 282 2932 participium
301 2857 469 2914 referendum
487 2855 520 2909 ad
538 2877 620 2930 quem,
665 2857 789 2928 pugione.
807 2856 909 2925 Magius
922 2856 993 2907 euim
1008 2854 1104 2906 invidia
1119 2866 1173 2906 tor·

111 2939 208 2994 scilieet
224 2939 375 2993 Catilinam.
388 2937 554 3008 Pighactum
569 2957 585 2988 a
598 2959 623 2989 se
666 2937 813 3006 quebatur,
843 2935 998 2987 Marcellum
1027 2934 1175 3003 multosque

111 3020 216 3072 inchoati
218 3019 359 3090 parricidii·
365 3019 455 3090 Vorst.
463 3029 542 3068 aetum
549 3020 621 3068 simu-
666 3016 730 3067 alios
745 3035 760 3068 a
776 3016 878 3066 Coesarc
892 3014 971 3066 fuisse
986 3013 1134 3076 restitutos,
1148 3031 1175 3064 se

110 3097 198 3150 lucrum
218 3119 238 3150 a
257 3119 283 3150 se
301 3098 407 3150 haehouti
415 3096 543 3167 parricidii
549 3117 559 3157 ,·
576 3095 622 3149 sed
666 3095 880 3165 pretermissum.
896 3124 936 3134 --
956 3093 1075 3162 Mitylene
1096 3091 1175 3143 Lesbi

109 3180 264 3231 simulacrum
281 3178 309 3230 iu
321 3177 394 3230 MSS.
409 3195 464 3228 non
479 3176 622 3242 invenitur,
666 3175 729 3226 urbs
743 3186 795 3234 est,
810 3175 881 3244 juxta
894 3172 1086 3244 Methymnam.

109 3267 158 3309 eta
172 3260 321 3330 glossatore
335 3257 390 3310 siue
405 3253 488 3308 dubio
501 3253 622 3308 additum
708 3261 733 3316 4.
742 3253 769 3302 V
766 3265 817 3306 etus
824 3257 920 3313 amicus,
929 3265 960 3304 ut.
969 3251 1085 3321 Pighius,
1092 3269 1175 3321 quum

106 3349 154 3390 est.
172 3339 273 3407 Itaque
288 3336 409 3408 Kappius
422 3354 476 3388 non
492 3335 623 3388 dubitavit
666 3332 1174 3404 inaliquotMSS.invenissetvetusetiam

105 3416 270 3481 lectionem,
286 3434 346 3487 quae
361 3428 387 3467 et
398 3413 500 3467 idoneis
513 3414 623 3468 testibus
666 3414 833 3483 Pompeianae,
846 3411 969 3467 audacter
977 3413 1104 3482 expunxit
1114 3417 1175 3464 umi-

104 3496 203 3550 nititur
218 3508 248 3548 et
259 3494 622 3558 liuiclococonvenit,revo·
666 3512 724 3556 cus,
736 3491 809 3564 quod
824 3492 986 3563 aptissimum
1006 3505 1056 3557 est,
1073 3505 1099 3544 et
1111 3511 1174 3544 con-

102 3593 173 3630 care.
186 3574 257 3628 Vid.
268 3595 309 3628 ex.
320 3579 353 3641 6;
370 3574 405 3626 bis
413 3575 550 3644 parricida,
566 3593 623 3624 eoa·
667 3585 819 3625 sentaueum
835 3571 943 3642 siquod
956 3573 1083 3643 sequitur,
1092 3577 1174 3634 amiei-

103 3656 159 3706 sih'o
172 3660 262 3726 prius,
277 3661 361 3706 iter-m
374 3655 515 3724 spectaculo.
668 3655 708 3703 tire
719 3653 802 3704 tureis.

143 3755 172 3789 ι.
194 3735 319 3788 cluana.
339 3736 372 3786 u.
384 3735 418 3786 u.
439 3752 505 3802 7⁰7·
520 3732 574 3785 cte.
590 3730 624 3784 aa
710 3732 735 3784 5.
749 3722 1176 3801 praelautumChilonisimpie·

102 3815 157 3866 Art.
182 3817 241 3878 13;
263 3814 322 3865 Liv.
343 3814 427 3866 CXV.
450 3815 624 3865 -Ameutim
668 3823 707 3862 tas
720 3812 747 3862 in
759 3811 914 3864 Marcellum
927 3810 959 3864 ad
972 3811 1102 3882 rempubl.
1115 3829 1175 3880 per·-

100 3893 164 3947 Non
186 3894 308 3946 amentia
325 3905 442 3956 tautum,
463 3890 508 3944 sed
524 3910 624 3946 summa
668 3890 752 3942 tinere
767 3889 917 3954 videbatur,
934 3890 996 3961 quia
1012 3891 1131 3941 uuiversa
1143 3889 1178 3940 ci·

98 3973 223 4042 perfidia
241 3987 269 4026 et
287 3973 478 4024 atrocissimum
501 3971 624 4024 lacinus:
663 3970 735 4032 ¹vitas
744 3989 794 4040 pro
804 3971 921 4022 llIarcelli
931 3971 1013 4022 salute
1021 3985 1177 4037 magnopere

98 4051 626 4123 uamhiagiusselllareelliamicumpro·
670 4051 849 4114 laboraverat,
869 4062 980 4101 testante
1001 4049 1129 4103 Cicerone
1149 4046 1177 4104 iu

96 4133 188 4188 sessus
206 4145 275 4186 erat.
672 4143 735 4181 orat.
748 4147 826 4199 quam
841 4129 1051 4182 memoravimus.

919 4221 982 4302 ¹2t
