3108 5136
228 542 330 610 CAP.
358 541 536 626 X11,DE
564 541 716 608 MORT.
745 541 853 610 NON
881 543 1030 611 VULG.
1094 546 1164 641 189

119 673 241 742 tissimis
252 673 432 742 victoribus
445 687 549 759 esset,
560 673 594 739 in
609 673 699 742 Jovis
712 675 855 742 sacrario
868 676 958 743 venis
971 675 1079 745 incisis
1090 701 1167 745 con·

118 778 288 848 tumeliosae
318 779 433 848 mortis
462 778 743 848 denuntiationem
767 778 903 874 effugit,
925 781 1168 877 sacerdotisque

118 887 161 954 sui
180 887 338 980 sanguine
356 886 565 954 vetustissimi
587 885 652 953 foci
673 883 879 954 maduerunt.

163 989 196 1062 6.
209 994 297 1061 Acer
311 993 408 1060 etiam
427 1005 461 1060 et
478 993 644 1060 animosus
655 992 729 1059 vitae
746 993 851 1059 exitus
867 994 1024 1062 Herennii
1039 989 1168 1080 ¹siculi,

117 1121 176 1190 quo
190 1099 228 1166 C.
249 1098 421 1166 Gracchus
439 1111 473 1166 et
489 1097 657 1190 aruspice,
676 1111 710 1164 et
728 1099 835 1166 amico
851 1121 930 1166 usus
947 1096 1074 1182 fuerat3
1090 1122 1166 1166 narn

117 1227 211 1296 quum
233 1227 274 1272 eo
297 1205 428 1272 nomine
451 1203 484 1271 in
504 1227 670 1273 carcerem
687 1202 879 1291 duceretur,
897 1205 931 1271 in
951 1204 1021 1296 ejus
1038 1217 1166 1298 postem

117 1306 192 1378 illiso
214 1310 341 1403 capite,
363 1311 396 1377 in
419 1311 490 1403 ipso
513 1310 699 1403 ignominiae
721 1309 811 1378 aditu
833 1308 993 1395 concidit,
1013 1334 1053 1380 ac
1071 1311 1165 1404 spiri-

117 1427 178 1482 tum
194 1416 324 1510 posuit:
337 1415 526 1510 unogradu
539 1439 557 1484 a
574 1414 707 1510 publico
722 1413 898 1512 supplicio,
913 1439 1079 1511 manuque
1095 1439 1166 1486 car-

115 1519 213 1590 nificis
235 1519 395 1590 citerior².

164 1651 198 1722 7.
220 1626 393 1696 Consimili
418 1629 544 1722 impetu
571 1629 688 1698 mortis
713 1629 750 1696 C.
774 1627 920 1698 Licinius
945 1613 1089 1715 Μίκων’,
1118 1630 1169 1696 vir

116 1734 296 1825 praetorius,
310 1733 405 1803 Calvi
425 1747 534 1828 pater,
555 1733 810 1830 repetundarum
830 1758 919 1820 reus,
937 1733 1018 1802 dum
1037 1748 1167 1803 senten·

117 1839 162 1906 tiae
175 1839 380 1927 dicerentur,
398 1842 431 1908 in
446 1841 648 1909 Maeuianum
666 1839 875 1908 conscendit:
889 1839 1047 1934 siquidem
1066 1865 1168 1934 quum

115 1945 158 2012 M.
178 1946 391 2034 Ciceronem,
408 1947 464 2040 qui
483 1945 515 2015 id
530 1946 690 2040 judicium
707 1933 877 2039 cogebat⁴,
894 1957 1084 2038 pratextam
1104 1971 1167 2040 po·

116 2065 242 2120 nentem
264 2051 415 2138 vidisset,
436 2053 525 2120 misit
543 2052 585 2120 ad
606 2076 682 2121 eum
705 2052 761 2146 qui
778 2050 970 2156 diceret,se
988 2076 1056 2120 non
1076 2052 1167 2120 dam·

116 2171 241 2244 natum,
271 2157 328 2225 sed
354 2182 448 2226 reum
474 2158 631 2253 periisse,
658 2181 719 2226 nec
747 2180 806 2226 sua
831 2156 918 2224 bona
946 2157 1048 2225 hastae
1073 2183 1168 2251 posse

116 2262 244 2355 subjici,
267 2287 307 2331 ac
327 2264 477 2358 protinus
498 2261 648 2349 sudario,
669 2261 758 2357 quod
783 2261 867 2330 forte
891 2263 924 2330 in
946 2287 1046 2330 manu
1066 2263 1166 2332 habc-

116 2366 187 2451 bat,
214 2393 273 2438 ore
301 2384 335 2438 et
362 2369 511 2438 faucibus
537 2369 709 2451 coartatis,
739 2365 866 2436 incluso
893 2369 1010 2463 spiritu
1036 2394 1168 2463 poenam

115 2490 216 2543 morte
237 2475 424 2570 praecurrit:
448 2499 513 2569 qua
532 2475 664 2570 cognita
683 2499 718 2542 re
737 2474 855 2543 Cicero
874 2473 969 2542 deco
989 2475 1070 2544 nihil
1093 2501 1168 2570 pro-

115 2581 283 2650 nuntiavit.
304 2581 412 2676 Igitur
432 2579 565 2650 illustris
582 2581 705 2674 ingenii
727 2565 857 2648 orator⁵
877 2595 910 2649 et
931 2579 972 2648 ab
991 2582 1101 2675 inopia
1122 2584 1170 2651 rei

114 2763 485 2834 1;t²10r.111‚22;.tugusen.
499 2762 533 2815 de
541 2763 573 2816 C.
584 2764 617 2814 D.
663 2759 744 2833 Apud
758 2761 914 2814 Cioerouem
922 2761 1016 2832 legitur
1024 2762 1102 2814 etiam
1115 2765 1174 2818 diri·

114 2841 272 2913 111,17.-
283 2845 418 2914 Tempestas
427 2843 618 2896 tuitttarianus
663 2840 730 2894 ditio.
751 2839 805 2894 Sed
822 2859 886 2894 num
902 2838 955 2892 dici
977 2841 1058 2912 possit
1071 2841 1172 2896 diritate

114 2923 247 2976 tumultus.
662 2919 814 2977 sententias,
828 2919 1170 2976 incertum-Merum.

154 3021 177 3055 r.
193 3001 276 3056 Siculi.
291 3004 323 3056 Α.
338 3001 372 3054 U.
391 3003 457 3056 632.
473 3000 566 3054 Vellei.
578 3001 618 3065 11,
662 3001 748 3052 Locus
753 2997 845 3070 judicii
852 2997 990 3050 abaedibus
997 2997 1171 3062 Meniideno·

114 3097 146 3148 7,
159 3102 184 3134 ι.
663 3079 786 3132 minatus.
800 3079 889 3144 Quum
901 3077 972 3129 enirn
981 3077 1092 3132 Maenius
1101 3079 1169 3134 odes

152 3179 176 3214 2.
186 3163 298 3215 citerior.
308 3160 405 3214 Parnm
413 3161 498 3214 abfuit
503 3158 619 3231 quidem,
662 3177 721 3212 suas
729 3155 902 3219 vendidisset,
912 3169 941 3209 ut
949 3167 1015 3209 esset
1023 3156 1110 3232 locup,
1122 3160 1169 3212 ubi

111 3239 175 3310 quin
193 3243 222 3294 in
236 3259 368 3296 carcerem
379 3239 500 3293 detrusus
514 3257 619 3292 necare·
659 3235 1171 3309 judiciaexercerentur,coiumnamsibi

112 3330 155 3372 tur
169 3323 303 3387 alictore;
314 3319 360 3373 sed
369 3321 414 3373 ille
422 3318 557 3392 prevenit.
662 3319 901 3388 reservavit,qtum
907 3316 983 3368 etiam
990 3317 1112 3370 tabulatis
1121 3317 1171 3371 cir-

149 3401 176 3453 3.
192 3401 282 3454 Macer.
298 3403 367 3452 Ann.
383 3401 418 3452 U.
434 3401 500 3470 687.
516 3399 572 3452 Cic.
585 3394 619 3450 ad
662 3395 810 3462 camdedit,
825 3407 854 3448 ut
868 3394 931 3448 inde
945 3407 1032 3467 posset
1043 3395 1171 3467 gladiato·

107 3480 162 3531 Aa.
172 3482 203 3545 1,
216 3487 242 3544 4.
253 3481 304 3532 Hic
314 3479 500 3532 Liciniuscum
511 3477 618 3531 Cicero·
661 3477 731 3530 rium
747 3495 843 3530 munus
854 3487 971 3547 spectare
983 3493 1044 3528 curn
1058 3476 1120 3530 suis.
1256 3494 1258 3500 ’

106 3575 140 3611 ae
146 3557 238 3631 quoad
243 3561 420 3631 eloquentiam
425 3558 618 3611 conserebatur.
703 3564 730 3621 4.
742 3557 856 3626 Cogebat.
871 3556 888 3607 J
890 3553 978 3608 udices
988 3558 1171 3627 congregabat.

106 3637 617 3710 -DicmntunPigbiuszdir-ibmntur.
662 3669 694 3679 -
714 3637 850 3688 Ponentem.
862 3633 895 3688 Se
908 3648 1042 3706 parantem
1054 3633 1171 3708 adegen·

106 3715 170 3772 Hanc
187 3737 240 3772 vox
254 3716 363 3791 quidem
377 3718 517 3789 saepissime
529 3735 620 3770 occur·
662 3716 735 3769 dum.

104 3798 141 3849 rit
151 3817 160 3850 :
170 3817 196 3852 e.
209 3817 235 3869 g.
250 3799 351 3851 diruere
364 3798 463 3850 tabellas
473 3794 619 3860 dicebatur,
703 3795 729 3848 5.
746 3795 849 3847 limera
858 3797 1046 3863 ingenitorum.
1057 3795 1087 3848 C.
1100 3795 1171 3849 Lici-

104 3877 267 3946 quitabelles
273 3876 407 3949 judicibus
414 3889 514 3943 ternas,
524 3895 620 3947 nempe
661 3875 722 3928 nius
737 3875 832 3927 Calvus
845 3873 930 3936 filius,
943 3874 1050 3944 insignis
1065 3887 1176 3932 orator,

101 3955 620 4027 absolutionis,darnnationisetamplia·
661 3955 778 4026 primum
787 3954 921 4008 Ciceronis
930 3952 1063 4017 inimicus,
1074 3951 1172 4005 deinde

101 4035 186 4090 tionis
217 4035 399 4090 distribuebat.
428 4037 511 4089 Erant
540 4036 619 4088 etiam
662 4029 1170 4104 amicus.-1nopia.Sienhudamnati

100 4114 129 4166 in
151 4117 270 4170 comitiis
288 4117 436 4177 diribitores,
458 4117 503 4187 qui
520 4115 619 4186 populo
662 4113 732 4166 bone
745 4113 795 4166 sub
808 4113 881 4165 hesta
894 4123 978 4164 essent
992 4109 1112 4172 vendite,
1136 4109 1170 4164 ad

100 4195 276 4250 centuriatim
296 4195 487 4250 distribuebant
503 4195 618 4248 tabellas.
662 4193 778 4264 inopiam
786 4195 841 4262 ejus
848 4191 945 4243 familia
953 4191 1043 4243 fuisset
1053 4189 1170 4255 redacta,
