3110 5134
404 497 474 566 108
571 495 793 562 VALERII
821 493 1028 560 ΜΑΧΙΜΙ
1055 493 1151 560 LIB.
1179 492 1288 560 v111.

399 630 565 722 pingeret,
582 625 727 719 Neptuni
750 625 925 717 imaginem
945 647 1041 716 quarn
1069 637 1198 717 poterat
1216 619 1445 690 excellentissi-

399 733 461 801 mis
477 732 652 824 majestatis
668 726 831 798 coloribus
849 727 1038 823 complexus
1056 743 1120 815 est,
1136 727 1269 822 perinde
1285 751 1323 795 ae
1341 729 1444 806 lovis,

399 837 565 930 aliquanto
582 836 801 929 augustiorem
821 849 1132 927 repraesentaturus,
1150 833 1207 902 sed
1220 833 1309 900 omni
1323 833 1445 924 impetu

400 920 606 1035 cogitationis
620 943 652 1007 in
666 941 825 1035 superiori
841 965 941 1032 opere
954 940 1148 1033 absumpto,
1166 939 1363 1032 posteriores
1381 938 1446 1030 ejus

400 1062 536 1118 conatus
554 1070 742 1140 assurgere,
760 1069 826 1138 quo
847 1044 1041 1127 tendebant,
1061 1046 1285 1138 nequiverunt

452 1150 487 1220 6.
509 1151 615 1239 Quid,
629 1149 701 1219 ille¹
718 1149 800 1218 alter
811 1175 902 1242 aeque
917 1148 1035 1218 nobilis
1050 1152 1173 1244 pictor,
1187 1149 1373 1218 luctuosum
1391 1149 1446 1214 im-

400 1256 529 1326 motata
548 1256 728 1350 Iphigeniae
748 1255 943 1323 sacrificium
967 1254 1128 1341 reserens,
1150 1279 1251 1349 quum
1269 1252 1448 1322 Calchanta

400 1364 543 1446 tristem,
556 1375 709 1429 moestum
719 1359 887 1454 Ulyssem,
901 1359 1096 1429 clamantem
1108 1362 1258 1454 Ajacem,
1272 1358 1447 1427 lamentan-

399 1485 466 1536 tem
485 1466 674 1535 Menelaum
692 1467 779 1535 eirea
797 1489 888 1534 aram
908 1468 1091 1552 statuisset,
1112 1481 1212 1559 eaput
1229 1467 1448 1558 Agamemno·

401 1576 451 1641 nis
472 1570 688 1660 involvendo,
711 1597 821 1640 nonne
843 1573 963 1639 summi
985 1574 1133 1640 moeroris
1153 1570 1362 1639 acerbitatem
1383 1583 1449 1636 arte

400 1679 539 1772 exprimi
553 1701 620 1745 non
635 1701 731 1770 posse
740 1676 984 1746 confessusest?
997 1681 1111 1770 Itaque
1125 1679 1251 1771 pictura
1263 1677 1347 1770 ejus,
1360 1675 1450 1742 haru

402 1785 517 1879 spicis,
532 1785 729 1869 amicorum,
745 1797 778 1851 et
796 1782 905 1851 fratris
920 1781 1060 1852 lacrimis
1078 1781 1205 1868 madet;
1222 1783 1323 1876 patris
1339 1780 1449 1848 fletum

402 1891 577 1985 spectantis
588 1888 721 1957 affectui
735 1888 964 1957 estimandum
977 1887 1114 1982 reliquit.

456 2021 488 2091 7.
504 1997 627 2089 Atque,
637 2008 674 2062 ut
687 1994 833 2086 ejusdem
848 1993 945 2062 studii
961 1993 1111 2085 adjiciam
1124 1992 1327 2087 exemplum,
1341 1993 1450 2086 praeei·

402 2127 474 2195 puae
485 2103 564 2168 artis
574 2098 699 2194 pietor²
712 2124 833 2193 equum
845 2099 887 2167 ab
899 2099 1129 2168 exercitatione
1141 2101 1342 2185 venientem,
1355 2097 1452 2166 modo

401 2310 469 2360 riade
483 2329 512 2359 ac
525 2309 592 2360 lova
603 2347 675 2361 .....
691 2321 907 2378 representatum.
952 2309 1043 2363 Dianas
1066 2328 1170 2362 nervam
1193 2310 1297 2380 ignatias
1316 2307 1454 2361 occiderat.

402 2389 525 2440 Pinaerat
537 2389 591 2458 jam
610 2388 769 2458 Euphranor
789 2401 816 2442 et
836 2408 908 2441 corn·
952 2391 1021 2442 Irata
1044 2387 1114 2452 dea,
1141 2389 1262 2442 fluctibus
1287 2399 1313 2441 et
1337 2387 1456 2458 pestilen-

401 2469 493 2539 plexus
510 2478 565 2518 erat
578 2467 730 2537 Neptunum
746 2467 908 2520 excellentia·
952 2469 988 2522 tia
1001 2469 1165 2539 sacrilegium
1177 2468 1232 2520 ulta
1245 2480 1292 2520 est.
1308 2467 1401 2532 Quum
1414 2483 1456 2516 au·

401 2546 474 2599 simis
495 2545 633 2616 majestatis
653 2546 802 2610 coloribus,
815 2543 862 2600 aed
876 2565 908 2600 eo
952 2560 1004 2600 tem
1015 2565 1050 2600 ex
1061 2549 1168 2600 oraculo
1177 2547 1321 2618 iphigeniae
1333 2544 1457 2616 sanguine

401 2625 526 2687 consilio,
542 2637 572 2676 ut
583 2625 677 2676 lovena
691 2623 814 2678 redderet
829 2626 909 2696 magis
952 2624 1080 2698 placanda
1091 2639 1157 2680 ercet
1167 2625 1266 2688 Diana,
1280 2625 1337 2678 hnc
1351 2623 1459 2694 virginis

400 2705 480 2757 etiarn
496 2717 633 2773 augustum
648 2717 674 2756 et
693 2703 834 2774 majestatis
852 2705 908 2775 ple·
952 2707 1071 2770 miserta,
1081 2705 1214 2777 supposita
1227 2723 1319 2771 cerva,
1330 2704 1459 2774 virginem

402 2779 909 2854 num‚inquoarsillumdelecit,quum
953 2783 1087 2838 transtulit
1108 2785 1136 2836 in
1155 2784 1289 2853 regionem
1306 2784 1460 2845 Tauricam,

403 2863 430 2914 in
440 2862 569 2933 superiori
578 2859 707 2934 opere,id
715 2863 909 2932 est‚Neptuno,
953 2863 1000 2918 uhi
1015 2862 1135 2928 tandem,
1150 2863 1239 2915 Dianae
1258 2861 1397 2924 sacerdos,
1411 2861 1460 2912 fra·

402 2959 507 2994 omnem
530 2941 657 3012 impetum
677 2941 842 3011 cogitationis
863 2942 909 2993 ab·
954 2955 1021 2996 trem
1036 2942 1155 2994 Orestem
1174 2942 1286 3011 agnovit.
1307 2941 1351 2994 Sic
1366 2940 1460 2992 fabula.

403 3020 561 3090 sumpsisset.
577 3021 616 3074 Ita
631 3020 742 3091 explicat
755 3020 908 3074 Turranius.
953 3051 993 3064 -
1020 3021 1135 3092 Ulyssem.
1158 3021 1211 3084 Qui
1234 3037 1282 3091 per
1303 3021 1379 3072 falsas
1400 3037 1463 3071 eum

405 3100 439 3149 At
454 3096 524 3150 idem
539 3099 625 3152 minna
637 3101 720 3163 bene,
730 3095 820 3169 judice
836 3099 909 3168 Kap·
953 3098 1054 3152 Achille
1066 3100 1169 3169 nuptias
1180 3099 1363 3170 impetratama
1377 3109 1464 3148 matre

405 3177 465 3243 pio,
488 3175 533 3244 qui
545 3177 643 3244 perinde
664 3197 692 3228 ac
709 3177 867 3230 mutandum
881 3178 909 3230 in
954 3177 1118 3248 Iphigeniam
1133 3176 1166 3230 ad
1176 3190 1228 3230 tam
1241 3175 1344 3230 crudele
1359 3175 1465 3228 semifi-

406 3253 489 3302 deinde
504 3263 527 3302 et
541 3266 635 3305 censet.
647 3255 714 3306 Nam
721 3257 819 3322 perinde
831 3275 860 3307 ae
872 3269 911 3309 est
953 3257 1024 3310 cium
1039 3251 1122 3310 duxit]
1134 3256 1326 3310 -lnvolreade
1338 3256 1415 3321 Quia
1423 3273 1466 3326 pa·

405 3330 526 3380 similiter:
534 3329 560 3380 in
568 3330 911 3404 animchahueratEuphra·
955 3336 1003 3388 tris
1016 3333 1135 3388 dolorem
1150 3337 1212 3388 satis
1224 3335 1300 3406 digne
1313 3336 1466 3406 exprimere

407 3406 548 3470 contorti
557 3407 695 3477 imaginem
704 3420 774 3462 tanta
783 3429 845 3464 cura
854 3415 912 3484 pin·
954 3433 1009 3466 non
1020 3428 1203 3486 poterat,eum
1212 3427 1392 3487 spectatorum
1406 3415 1467 3466 ima-

406 3501 485 3554 gere,
500 3497 529 3536 ut
544 3484 676 3555 aliquanto
695 3491 827 3557 augustior
846 3503 912 3544 esset
954 3493 1082 3564 ginationi
1100 3493 1150 3547 sihi
1164 3493 1411 3566 repraesentandum
1426 3511 1468 3545 re·

407 3562 520 3632 imagine
532 3563 648 3632 Neptuni
659 3584 667 3618 ε
678 3583 736 3636 quta
749 3586 790 3620 res
802 3587 862 3622 enm
874 3573 912 3623 fe·
954 3573 1040 3643 liquit.
1050 3604 1091 3615 -
1100 3574 1250 3644 Haruspieir.
1268 3574 1424 3627 Calchantis
1434 3591 1471 3626 aa·

407 3637 480 3692 sellia.
494 3640 599 3711 Guyeto
614 3643 736 3714 aliquanto
753 3651 911 3716 augustiorem
954 3649 1076 3704 cerdotis.
1092 3683 1133 3696 --
1145 3653 1292 3705 Annonam.
1318 3653 1426 3724 Ulyssia
1445 3664 1471 3703 et

407 3716 525 3772 addititia
539 3718 671 3775 videntur.
688 3723 832 3778 Immerito.
954 3732 1061 3801 Ajaeir;
1079 3729 1149 3784 unde
1169 3745 1240 3804 patet
1260 3731 1330 3785 mala
1352 3734 1384 3786 iu
1408 3729 1470 3784 edit.

433 3815 475 3888 ιι.
497 3797 550 3850 Ille.
573 3798 742 3865 Timanthes,
764 3804 811 3874 qui
834 3804 912 3858 etiarn
954 3821 1017 3862 vett.
1032 3822 1058 3862 et
1069 3809 1224 3881 quibusdam
1235 3811 1310 3865 MSS.
1324 3816 1403 3864 amici
1413 3811 1470 3882 legi.

407 3877 510 3945 31³⁰em
523 3894 708 3966 *fmorumque
719 3881 846 3950 judicium
857 3885 914 3954 pin·
955 3890 1028 3941 -F
1026 3893 1097 3941 ratris
1107 3891 1218 3943 lacrimis.
1229 3891 1364 3954 Menelai,
1376 3907 1473 3962 nempe

407 3967 490 4006 xerat.
506 3954 573 4007 Phn.
586 3955 709 4022 XXXV,
728 3978 776 4022 ro;
793 3961 848 4014 Cic.
864 3963 912 4017 Or.
956 3966 978 4018 is
999 3969 1079 4021 frater
1099 3970 1149 4023 luit
1169 3971 1399 4040 Agamemnonis,
1421 3987 1475 4022 noa

410 4051 461 4098 aaa
476 4033 568 4098 Quint.
585 4035 627 4100 11,
648 4036 913 4107 133AElianua,lX,
956 4047 1108 4117 Iphigeniae.
1403 4033 1406 4040 ¹

412 4111 912 4188 nme-SacrificiumdlexAgatttamnon
1000 4145 1023 4178 a.
1047 4129 1136 4180 Pictor.
1151 4127 1213 4180 Vid.
1229 4129 1297 4181 Plin.
1314 4130 1335 4181 l.
1354 4149 1381 4182 c.
1405 4129 1476 4182 Plut.
