3152 5134
338 453 387 524 60
500 454 720 522 VALERII
747 453 957 520 MAXIMI
984 454 1079 520 LIB.
1108 455 1220 521 VIII.

397 609 424 652 r.
452 587 499 652 Μ.
526 586 682 652 Horatius
694 581 716 668 ¹,
739 582 919 652 interfecte
945 584 1065 652 sororis
1091 585 1229 652 crimine
1254 609 1273 652 a
1297 585 1394 654 Tullo

340 715 417 784 rege
434 689 625 774 darunatus,
642 689 684 756 ad
703 687 863 782 populum
885 703 1066 781 provocato
1080 687 1205 782 judicio
1226 689 1395 759 absolutus

341 811 390 864 est
403 822 411 862 ι
425 821 566 890 quorum
581 793 719 864 alterum
736 795 890 862 atrocitas
906 797 995 863 necis
1008 795 1130 880 movit,
1142 793 1281 864 alterum
1297 821 1394 865 causa

343 901 452 986 [lexin
473 905 549 995 quia
571 903 782 970 immatmum
804 901 939 994 virginis
965 887 1110 968 amorem
1133 924 1245 969 severe
1272 903 1396 996 magis,

341 1031 441 1099 quam
472 1009 570 1100 impie
595 1009 747 1100 punitum
775 1006 989 1074 existimabat.
1015 1008 1130 1099 Itaque
1154 1005 1231 1074 forti
1255 1009 1396 1100 punitio·

343 1109 402 1180 ne²
416 1111 553 1181 liberata
570 1111 679 1180 fratris
696 1111 848 1196 dextera,
865 1125 994 1179 tannim
1014 1113 1272 1206 consanguineo,
1293 1135 1397 1206 quan·

342 1231 414 1284 tum
431 1216 541 1286 hostili
560 1241 678 1286 cruore
699 1215 811 1311 gloriae
832 1216 964 1285 haurire
983 1219 1099 1310 potuit

399 1348 431 1392 2.
441 1327 562 1394 Acrem
576 1348 611 1392 se
622 1337 702 1392 tunc
715 1322 878 1416 pudicitia
891 1323 1060 1392 custodem
1073 1321 1215 1417 populus
1228 1348 1399 1406 romanus,

344 1443 456 1524 postea
470 1428 545 1522 plus
556 1429 647 1522 justo
658 1426 822 1522 placidum
834 1429 979 1521 judicem
994 1414 1161 1522 praestitit³
1174 1455 1182 1495 :
1197 1454 1299 1522 quum
1313 1453 1333 1496 a
1346 1431 1402 1498 Li-

344 1537 431 1605 bone
448 1534 581 1602 tribuno
605 1532 708 1628 plebis
727 1536 794 1603 Ser.
821 1523 949 1603 calba⁴
969 1559 1031 1628 pro
1053 1535 1165 1603 rostris
1189 1535 1401 1603 vehementer

343 1644 589 1732 increparetur,
607 1639 697 1733 quod
718 1641 951 1709 Lusitanorum
973 1663 1127 1735 maguam
1146 1665 1281 1709 manum
1301 1641 1401 1708 inter·

344 1749 449 1840 posita
464 1744 529 1814 fide
540 1761 661 1839 praetor
676 1747 710 1813 in
726 1747 884 1840 Hispania
900 1747 1133 1832 interemisset,
1143 1747 1326 1839 actionique
1343 1747 1402 1814 tri·

346 1852 478 1920 bunitiae
496 1853 544 1918 M.
568 1853 653 1920 Cato
677 1851 798 1920 ultimae
818 1853 1013 1940 senectutis,
1032 1853 1180 1922 oratione
1201 1875 1282 1938 sua,
1301 1874 1402 1945 quarn

346 1959 380 2026 in
401 1957 554 2051 Origines
579 1956 708 2042 retulit,
731 1956 977 2027 subscriberet:
999 1981 1074 2027 reus
1095 1982 1157 2052 pro
1179 1957 1299 2052 sejam
1321 1955 1404 2026 nihil

347 2087 519 2150 recusans,
542 2061 698 2156 paruulos
724 2060 844 2132 liberos
866 2089 961 2150 suos,
981 2078 1015 2132 et
1036 2049 1146 2134 Galli⁵
1165 2065 1321 2158 saugmne
1340 2061 1403 2130 sibi

347 2170 561 2261 conjunctum
577 2167 696 2258 filium,
714 2168 796 2236 llens
813 2168 1045 2240 commendare
1062 2172 1181 2266 coepit;
1194 2193 1298 2263 eoque
1315 2167 1404 2238 facto

395 2379 854 2454 1.110metus.uei110vtd.sup.cap.
899 2383 947 2443 sit,
961 2381 1007 2436 sed
1017 2383 1095 2435 etiam
1105 2383 1236 2454 optimum
1246 2379 1406 2434 habentem·

350 2458 385 2510 tle
398 2459 516 2524 merim
531 2459 641 2530 Dionys.
651 2461 703 2526 111,
721 2481 770 2528 n,
785 2463 856 2514 l'lor.
899 2481 968 2516 sum.
978 2461 1090 2514 Ia'btmte
1099 2473 1196 2532 estpro
1204 2460 1364 2524 abnuunt
1377 2457 1407 2510 iu

350 2537 415 2600 1‚3.
428 2538 495 2599 Lex,
508 2555 560 2610 qun
572 2537 710 2594 damnatus
722 2553 774 2606 est,
785 2553 856 2594 emt:
900 2541 954 2594 fine
967 2541 1046 2612 hujus
1060 2541 1152 2613 cupitis
1170 2541 1270 2594 Ekron
1284 2551 1311 2592 et
1322 2541 1408 2609 praetre

354 2643 365 2664 ι
389 2617 528 2670 Duumviri
550 2617 759 2690 perduellionem
784 2618 857 2691 judi·
901 2634 1081 2692 opponuntur.

351 2708 435 2750 cent:
454 2695 476 2748 si
491 2715 506 2749 a
522 2693 669 2752 duumviris
690 2699 858 2771 provocarit,
942 2701 969 2754 3.
989 2701 1116 2752 Proestitit.
1137 2700 1187 2751 An.
1206 2699 1241 2751 U.
1262 2701 1329 2762 tot.
1348 2696 1408 2749 Liv.

350 2775 537 2845 provocatione
556 2790 654 2831 certato
668 2796 676 2832 :
693 2781 714 2832 ri
733 2780 858 2844 vincent,
902 2779 1003 2844 min
1015 2779 1072 2833 Cic.
1083 2778 1117 2832 de
1124 2777 1171 2830 Or.
1183 2779 1213 2842 1,
1228 2777 1280 2843 533
1292 2777 1321 2829 in
1334 2777 1410 2828 Brut.

351 2866 431 2924 ceput
444 2855 574 2910 obnubito
582 2893 590 2922 ,
599 2857 698 2910 infelici
711 2860 804 2911 arbore
816 2877 859 2910 rc·
905 2861 956 2921 23;
970 2877 1020 2929 pro
1032 2859 1160 2921 Murena,
1174 2858 1223 2923 283
1235 2855 1268 2910 cd
1278 2857 1332 2908 Art
1342 2855 1412 2920 XII,

352 2948 391 2987 ste
401 2933 776 3004 suspendito,verbernto‚vel
791 2938 860 2989 intra
905 2938 935 3003 53
948 2937 1062 3003 Quintil.
1078 2939 1120 3000 11,
1137 2937 1179 2990 ιδ.

353 3014 576 3083 pomi-iamne}
586 3029 658 3068 extra
668 3019 856 3087 pomoeriuru.·
944 3025 970 3080 4.
996 3015 1085 3070 Galla.
1105 3015 1156 3068 Hic
1173 3027 1225 3079 est,
1241 3015 1263 3066 si
1281 3013 1412 3067 Glareano

352 3093 533 3146 -Provocato
539 3095 638 3162 judicio.
647 3096 766 3148 lnaolcns
778 3097 859 3167 phra-
904 3093 1035 3158 creditur,
1051 3095 1096 3166 qui
1108 3095 1200 3148 consul
1213 3094 1264 3146 tuit
1273 3110 1338 3146 enno
1351 3091 1409 3144 588

353 3171 387 3223 sis
399 3191 527 3240 provocare
543 3173 672 3242 judiciuin,
691 3192 773 3244 quare
787 3175 861 3227 Peri-
904 3193 965 3227 cum
975 3174 1015 3227 M.
1025 3172 1137 3227 Claudio
1150 3173 1289 3236 Marcello,
1301 3189 1354 3242 quo
1366 3187 1416 3222 an·

355 3250 447 3302 eonius
459 3250 554 3319 judicto
569 3249 657 3304 delen
678 3253 768 3316 malit,
783 3265 814 3306 ut
828 3255 862 3306 sit
905 3271 942 3304 no
950 3253 1068 3305 Terentii
1075 3251 1177 3305 Andria
1188 3249 1259 3304 edita
1270 3249 1414 3317 esnbetlo-

353 3339 481 3396 provocato
489 3327 728 3398 eleganter-dictum
737 3350 788 3401 pro
794 3346 861 3401 post-
905 3350 958 3403 que
983 3329 1153 3384 macedonico
1174 3329 1297 3383 adversm
1319 3330 1416 3382 Persea

356 3424 426 3476 quam
438 3419 598 3474 provocasset,
615 3421 646 3461 ut
659 3407 730 3481 apud
744 3410 862 3476 Lirium,
905 3411 1015 3482 eclipsin
1030 3411 1091 3464 solis
1106 3408 1238 3480 predixit.
1259 3409 1321 3461 Nou
1335 3418 1418 3470 vero,

356 3484 466 3550 fflflt
491 3490 535 3546 ll·
557 3484 608 3538 Sed
623 3500 753 3557 pwooecto
772 3489 864 3560 jralicto
907 3503 937 3544 nt
952 3490 1085 3542 Oliverius
1104 3489 1176 3556 vult,
1197 3489 1290 3542 missus
1310 3501 1349 3541 est
1368 3483 1419 3538 atl-

357 3575 560 3618 mantomnes
570 3564 649 3619 codd.
657 3567 823 3624 Torreniaui.
907 3567 1320 3640 rermrburitanorquisertorii
1329 3577 1421 3638 partes

400 3661 426 3693 ι.
447 3642 584 3698 Punr‘o'one.
596 3645 650 3710 Qui
665 3647 768 3702 sortiter
785 3648 863 3719 puni-
908 3649 1011 3720 sequuti
1031 3662 1123 3712 mant,
1136 3666 1197 3702 nam
1209 3648 1270 3719 plus
1283 3645 1423 3716 sexaginta

359 3733 432 3774 verat
450 3719 662 3793 intempestivum
679 3726 776 3779 sororis
793 3745 864 3780 amo·
908 3729 983 3781 annis
993 3739 1053 3780 ante
1059 3723 1425 3796 SertorianumiuLusitauia

359 3816 417 3851 rem
428 3817 435 3852 :
448 3817 510 3850 nam
523 3806 617 3870 pwrtnb
632 3806 715 3857 active
735 3807 865 3873 sumitur,
908 3808 1007 3860 bellam
1020 3807 1112 3860 consul
1126 3807 1185 3860 luit.

360 3896 414 3930 non
434 3879 544 3949 postire.
563 3911 603 3921 —
622 3882 745 3936 Ltbemta.
762 3884 865 3954 Lipsius
952 3885 978 3940 5.
999 3886 1077 3940 Galli.
1094 3885 1178 3940 ciet
1196 3884 1230 3937 cle
1246 3884 1295 3937 Or.
1310 3895 1425 3937 ramat:

361 3957 464 4010 libratu:
477 3977 555 4028 φιαιιι
567 3961 742 4031 conjecturam
756 3964 866 4018 Colerus
911 3967 941 4019 C.
958 3965 1064 4036 Sulpitii
1075 3965 1162 4030 Galli,
1174 3963 1319 4036 propinqui
1333 3961 1375 4014 sui
1388 3961 1428 4014 fi-

360 4048 458 4090 temere
479 4037 508 4090 in
527 4050 628 4093 textum
650 4043 763 4114 recepit,
785 4060 866 4114 quum
909 4045 975 4097 lium
992 4045 1139 4116 pupillum,
1159 4045 1187 4098 in
1201 4045 1327 4098 humeros
1344 4041 1430 4094 illum

364 4115 785 4176 liberatuuousolumiuomuiltus
793 4123 867 4176 libris
911 4125 1040 4177 extulisse.
