3108 5136
309 526 578 594 PRAEFATIO
602 528 776 597 STEPH.
806 533 993 600 PIGHII.
1110 557 1181 630 207

122 655 208 750 quod
227 655 268 724 de
287 657 492 746 nominibus,
508 659 783 753 praenominibus,
799 663 1185 760 cognominibus,‚atque

123 763 351 862 agnominibus
374 763 474 834 fuisse
496 764 650 836 eumdem
672 765 840 838 aValerio
862 771 1081 864 compositum
1107 797 1184 840 con·

119 871 239 962 jectam
258 868 344 940 licet.
361 871 474 940 Verba
492 871 625 966 quidem
642 869 719 942 Julii
737 873 863 943 Paridis
879 875 950 946 haec
970 891 1063 946 sunt:
1084 877 1187 948 Liber

121 975 267 1044 decamus
285 977 329 1046 de
342 977 634 1074 praenominibus,
656 995 690 1047 et
706 980 878 1050 similibus.

121 1199 1187 1228 mmmmmmmmuumwwvummmm

474 1411 823 1505 euaristo

187 1637 717 1769 'STEPHANI
774 1638 1117 1770 PIGHII

274 1929 466 1975 ΕΡΙΤΟΜΙΕ
494 1931 544 1974 Dll
572 1929 805 1976 NOMINIBUS
833 1928 1028 1976 PRAEFIXA.

127 2088 338 2203 Vn’r'nnas
356 2131 431 2201 libri
449 2151 581 2220 omnes,
597 2157 679 2226 quos
694 2132 856 2220 vidimus,
869 2147 937 2202 tam
953 2137 1186 2229 manuscripti,

125 2263 221 2332 quam
247 2239 413 2333 impressi,
438 2238 534 2308 nobis
555 2253 791 2333 repraesentant
816 2237 939 2308 Valerii
962 2241 1099 2309 Maximi
1121 2242 1185 2310 boc

126 2371 206 2439 opus
230 2347 278 2413 ita
308 2344 398 2414 libris
426 2369 547 2414 novem
576 2344 790 2414 distinctum:
823 2347 857 2414 in
886 2344 1047 2440 aliquibus
1075 2361 1186 2416 tamen

126 2453 286 2546 reperitur
307 2451 476 2544 cujusdam
498 2454 658 2545 epitomes
684 2451 922 2546 fragmentum,
943 2454 978 2519 in
1002 2451 1067 2520 fine
1085 2477 1185 2524 anne-

126 2583 199 2626 xum
219 2582 283 2651 pro
305 2557 389 2626 libro
411 2556 557 2644 decimo,
579 2582 714 2650 prorsus
737 2572 848 2627 tamen
871 2572 1036 2628 remotum
1059 2573 1092 2626 et
1109 2558 1185 2628 alie·

125 2688 203 2732 num
227 2662 270 2730 ab
293 2677 488 2758 argumento
517 2687 683 2758 scopoque
705 2661 865 2732 librorum
889 2663 1012 2734 Valerii
1038 2665 1185 2734 Maximi.

125 2767 212 2839 Nihil
228 2770 316 2838 enim
334 2769 423 2838 aliud
437 2769 549 2854 docet,
563 2771 625 2837 nisi
642 2768 825 2863 aliquarum
841 2767 1114 2864 appellationum,
1128 2796 1187 2839 seu

126 2877 295 2945 nominum
305 2867 545 2963 romanorum,
564 2877 715 2945 rationes.
736 2873 820 2964 Quae
833 2874 965 2969 quidem
983 2877 1126 2970 epitome
1146 2901 1186 2944 ex

126 2979 185 3051 alio
216 2984 353 3076 antiquo
380 2997 515 3052 auctore
545 2979 683 3050 collecta
708 2995 758 3050 est
779 3005 798 3048 a
822 2979 909 3050 Julio
939 2980 1075 3068 Paride,
1103 2981 1187 3050 sicut

126 3085 442 3183 nonnulli-produnt
463 3086 617 3156 codices:
644 3087 737 3179 cujus
759 3086 979 3181 fragmentum
1009 3086 1074 3155 hoc
1098 3085 1187 3156 dtur-

127 3207 218 3274 taaat
233 3193 275 3262 de
300 3194 556 3289 praenominibus
576 3207 743 3287 repertum
761 3191 893 3287 quidam
916 3190 1041 3290 librarii
1062 3193 1188 3286 priores

126 3299 260 3370 Valerio
281 3302 429 3371 Maximo
458 3299 696 3394 adjunxerunt,
730 3313 899 3393 tamquam
931 3323 971 3367 ex
1004 3299 1075 3391 ejus
1103 3297 1188 3367 libro

125 3405 352 3502 exemplorum
372 3407 502 3476 decimo
518 3419 740 3492 contractum3
759 3407 858 3493 moti,
877 3420 914 3473 ut
931 3419 1083 3499 apparet,
1099 3405 1188 3499 quod

124 3514 158 3580 in
177 3513 294 3583 eodem
318 3512 504 3608 fragmento
523 3513 641 3581 citetur
661 3509 834 3600 Valerius,
853 3536 920 3580 non
943 3525 1054 3580 tamen
1078 3513 1188 3580 Maxi-

125 3644 220 3689 mus:
239 3619 328 3688 istud
345 3621 434 3689 euim
452 3644 521 3688 non
540 3631 648 3712 potest
665 3616 824 3692 affirmari
842 3641 882 3686 ex
902 3616 1040 3711 simplici
1059 3615 1114 3685 illo
1129 3643 1188 3686 no·

124 3727 231 3813 mine,
257 3727 344 3796 sicut
366 3727 401 3794 in
428 3723 539 3794 multis
565 3722 806 3817 exemplaribus
829 3725 1001 3818 reperitur:
1026 3723 1092 3792 Sed
1117 3725 1189 3791 An-

124 3832 237 3900 tiatem
256 3833 370 3918 citari,
396 3856 501 3900 unum
523 3828 690 3925 exemplar
709 3854 809 3898 manu
830 3832 989 3924 scriptum
1011 3828 1190 3899 doctissimi
1243 3911 1246 3921 ,

122 3937 140 4004 J
143 3990 150 4006 .
160 3938 318 4007 Sambuci
331 3937 453 4032 liquide
466 3935 628 4022 declarat,
642 3935 922 4030 quemadmodum
937 3961 996 4004 suo
1012 3934 1086 4004 loco
1102 3933 1188 4002 dice·
1216 3981 1217 3986 κ

122 4068 199 4112 mus
220 4047 253 4112 in
279 4044 556 4114 annotationibus.
583 4045 656 4110 Jam
679 4041 877 4111 addiderunt
903 4040 1002 4109 alium
1025 4063 1190 4124 errorem,

122 4151 180 4243 qui
204 4153 241 4220 C.
262 4151 386 4218 Titium
406 4145 571 4236 Probum,
592 4150 700 4218 nescio
719 4173 836 4242 quem,
857 4162 893 4216 ut
914 4147 1011 4240 hujus
1031 4146 1191 4238 epitomes
