3110 5134
224 513 391 600 catti,
419 513 487 582 DE
513 514 756 582 LUXURlA
783 515 847 582 ET
875 517 1034 584 LllllD.
1089 517 1157 612 ¹39

107 660 238 742 erogatae
252 644 362 716 sunt¹.
383 647 461 733 Quo
479 646 510 714 in
533 643 659 739 flagitio
676 657 743 714 tam
766 659 870 733 tetro,
892 661 1030 740 tamquo
1047 646 1160 718 multi·

107 752 190 847 plid,
209 754 336 822 nescias
354 753 497 846 primum
516 773 614 844 quern
634 750 814 837 detestere3
839 775 882 820 an
900 755 956 846 qui
978 754 1064 822 istud
1086 779 1160 823 cor·

107 857 234 954 ruptelae
248 883 353 953 genus
368 857 583 952 excogitavit,
599 879 641 928 an
659 857 714 950 qui
733 881 825 926 suam
843 857 1034 951 pudicitiam
1051 885 1161 954 seque·

107 980 197 1034 stram
219 965 355 1058 perjurii
375 962 445 1032 fieri
469 964 553 1058 passi
572 960 680 1048 sunt²‚
699 985 741 1030 an
757 965 813 1056 qui
832 963 1022 1058 religionem
1045 979 1160 1060 stupro

107 1084 338 1164 pennutarunt.

151 1177 182 1248 8.
207 1179 312 1270 AEque
339 1176 535 1271 flagitiosum
559 1172 639 1245 illud
659 1177 867 1262 convivium,
884 1175 973 1270 quod
992 1176 1162 1248 Gemellus

107 1283 287 1352 tribunitius
306 1267 440 1366 viator³,
457 1283 590 1376 ingenui
604 1282 787 1376 sanguinis,
806 1281 862 1351 sed
879 1281 981 1354 officii
1000 1285 1085 1354 intra
1100 1307 1163 1353 ser·

107 1387 194 1458 vilem
225 1389 376 1458 habitum
410 1387 585 1469 deformis,
615 1385 749 1456 Metello
775 1388 920 1482 Scipioni
948 1387 1096 1477 consuli,
1123 1414 1163 1460 ac

107 1495 239 1564 tribunis
263 1493 366 1588 plebis
391 1519 512 1589 magno
538 1518 614 1562 cum
644 1493 764 1563 rubore
784 1495 925 1564 civitatis
948 1497 1161 1589 comparavit.

108 1601 268 1696 lupanari
286 1601 372 1669 enim
393 1599 482 1668 domi
499 1624 566 1669 sua·
580 1601 748 1684 instituto,
763 1589 927 1670 Muciam⁴
946 1616 979 1670 et
995 1604 1021 1668 F
1022 1599 1163 1689 ulviam,

107 1721 165 1774 tum
190 1729 212 1774 a
230 1719 342 1801 patre,
359 1720 428 1774 tum
449 1730 467 1773 a
486 1708 560 1775 viro
580 1719 756 1798 utramque
775 1703 948 1800 inclytam,
967 1721 1001 1776 et
1019 1706 1163 1776 nobilem

108 1837 239 1904 puerum
262 1812 476 1881 Saturninum
499 1813 532 1879 in
551 1837 591 1880 eo
613 1813 787 1905 prostituit.
814 1813 976 1882 Probrosa
1000 1815 1164 1907 patientiae

107 1905 273 2012 corpora⁵‚
292 1916 433 1986 ludibrio
451 1915 639 1986 temulentae
659 1916 785 1986 libidini
805 1915 932 1987 futura!
956 1918 1070 2014 epulas
1091 1944 1166 1988 con-

107 2023 224 2093 sulibus
244 2038 279 2092 et
297 2023 436 2092 tribunis
457 2049 524 2092 non
547 2021 775 2110 celebrandas,
796 2024 852 2094 sed
871 2021 1102 2094 vindicandas!

152 2155 185 2225 9.
200 2132 372 2224 Praecipue
392 2155 470 2198 vero
486 2128 634 2199 Catilina
655 2127 756 2198 libido
776 2129 931 2216 scelesta3
949 2155 1023 2198 iram
1043 2155 1165 2200 vesano

108 2261 213 2305 amore
229 2234 370 2304 Aureliae
385 2233 547 2304 Orestilla
567 2250 737 2328 correptus
744 2221 768 2320 ⁶,
790 2261 890 2329 quum
911 2261 1013 2306 unum
1030 2236 1166 2331 impedi·

108 2427 227 2482 violasset.
237 2424 304 2480 Vid
313 2439 439 2498 supra,et
448 2427 550 2498 Dionys
561 2426 612 2494 373
654 2427 755 2495 jectnrs
768 2428 894 2497 reposuit.
909 2427 1009 2482 Omnes
1028 2446 1092 2480 vero
1106 2427 1168 2482 libri

108 2503 189 2562 Senes.
200 2506 234 2560 ad
240 2506 328 2559 Lucil.
339 2525 380 2578 ep.
395 2509 446 2576 983
456 2505 511 2560 Cic.
522 2508 577 2558 Att.
587 2523 611 2558 t.
656 2505 770 2563 babent,
784 2507 884 2558 Metello
894 2518 918 2558 et
932 2506 1040 2580 Scipioni
1050 2527 1109 2560 cors.
1123 2509 1170 2580 qui

146 2610 166 2638 ι.
182 2587 305 2655 Erogatoe
313 2597 375 2637 suat.
387 2585 425 2638 Ut
435 2587 563 2657 cujusque
569 2587 612 2656 ju·
656 2602 719 2637 vero
733 2585 761 2637 in
776 2585 848 2639 fastis
860 2605 914 2638 non
926 2587 1104 2657 reperiuntur.
1119 2587 1168 2640 Pe·

108 2663 167 2719 dieis
179 2663 300 2719 stadium
311 2665 451 2736 flagrabat,
463 2663 500 2718 sic
511 2666 567 2736 ejus
580 2663 614 2718 li·
657 2663 773 2718 rizonins
788 2683 851 2735 ergo
866 2665 985 2736 conjicit.
995 2667 1075 2719 Atilio
1086 2679 1109 2719 et
1119 2665 1171 2720 Sei·

108 2743 400 2818 bidiaiobtemperavit,
414 2758 443 2798 ut
452 2744 509 2798 aliis
519 2757 615 2808 scorta,
654 2748 724 2814 pioni
738 2764 814 2808 cosa,
828 2745 874 2817 qui
888 2763 959 2798 anno
975 2750 1031 2810 fiii
1048 2747 1170 2801 consulet

108 2825 443 2896 aliispecnniarnpraeberet
451 2861 459 2888 ,
468 2819 614 2878 dummodo
658 2824 740 2878 luere.
750 2856 790 2866 -
802 2825 906 2878 Robore.
917 2824 998 2892 Quod
1007 2826 1102 2879 summi
1114 2843 1170 2878 ma·

109 2904 158 2955 sibi
168 2901 436 2969 obnoxiosredderet,
448 2904 566 2975 aquibus
573 2903 616 2956 ab·
657 2903 795 2973 gistratus,
812 2904 840 2956 in
855 2904 952 2976 quibus
967 2903 1072 2976 imperii
1090 2907 1170 2975 maje-

108 2983 263 3048 solveretur,
270 3003 356 3056 neque
365 2984 521 3055 sumptibus.
530 3001 615 3054 neque
643 3029 645 3036 .
659 2994 710 3036 stas
721 2984 945 3054 conspiciebatur,
956 2985 1028 3036 omni
1039 2983 1170 3038 obscoeni·

108 3060 243 3116 modestiae
251 3063 378 3138 pepercit.
659 3063 706 3122 tati
721 3081 748 3116 se
761 3060 903 3136 traderent.

146 3164 171 3196 a.
184 3145 257 3196 Pasti
270 3157 334 3197 sunt.
348 3143 434 3208 Quia,
454 3142 518 3196 dum
536 3139 615 3213 pudi·
702 3149 727 3204 ά.
754 3142 869 3195 Muciam.
891 3143 1012 3196 scevola
1038 3143 1118 3196 liliam
1145 3157 1172 3196 et

107 3223 192 3276 titiam
213 3242 286 3276 suani
311 3223 523 3294 prostituerunt,
548 3223 616 3274 sece-
660 3221 779 3293 Pompeii
801 3222 838 3274 tt.
855 3241 980 3286 uxorem,
998 3241 1078 3294 quarn
1096 3221 1171 3276 adul*

107 3315 167 3356 runt
185 3317 214 3357 ut
237 3301 341 3374 judiees
364 3304 526 3374 pejerarent,
550 3299 617 3354 nibil
661 3314 743 3354 teram
762 3299 920 3372 repudiavit.
937 3301 1027 3354 Fulvia
1043 3302 1093 3356 tuit
1109 3303 1173 3356 cto-

106 3401 132 3434 se
143 3385 232 3454 gratia
244 3381 354 3436 daturos
367 3383 396 3434 in
407 3381 508 3452 jndicio
519 3379 616 3434 Clodii.
660 3379 700 3435 dii
715 3394 742 3434 et
753 3378 851 3435 deinde
864 3381 973 3436 Antonii
990 3401 1063 3436 uxor.

105 3461 146 3513 Sic
158 3463 230 3516 enirn
237 3463 320 3534 jurati
332 3462 474 3516 sententias
484 3459 616 3515 dicebant.
702 3459 981 3532 5.Pmbrosepats'eatioe
986 3461 1173 3534 corpor-allano

104 3573 142 3584 —
153 3541 476 3614 magnum-iustitiam,
491 3559 550 3613 quse
564 3539 618 3592 vio·
660 3541 809 3599 lectionem,
817 3561 896 3614 qrsam
902 3539 1012 3614 Pighius
1019 3543 1047 3596 in
1056 3541 1174 3613 margine

103 3621 150 3674 lari
157 3623 215 3676 sine
221 3621 335 3676 deorum
343 3633 497 3692 contemptu
506 3640 560 3673 non
572 3637 617 3691 po·
662 3633 814 3686 notaverat,
823 3634 894 3675 recte
904 3620 1014 3675 Colerus
1028 3623 1056 3674 in
1070 3634 1171 3676 textum

104 3714 168 3766 rest;
184 3721 232 3756 sen
245 3700 433 3774 jusjurandum
448 3698 616 3754 servandum.
661 3700 761 3772 recepit
775 3719 825 3772 pro
839 3701 1030 3756 nonnullorum
1041 3701 1172 3754 librorum
1220 3717 1226 3730 ·

142 3781 170 3838 3.
188 3783 218 3834 V
215 3785 286 3834 ictor.
303 3781 426 3834 Minister
439 3780 618 3845 tribunorum,
658 3780 774 3850 probrosa
783 3785 907 3852 sapientia
917 3801 1034 3852 corpora,
1046 3779 1087 3834 vel
1099 3779 1173 3852 quod

101 3862 145 3930 qni
171 3881 205 3916 ex
224 3861 293 3933 agris
313 3874 448 3914 senatores
466 3859 494 3911 in
517 3860 618 3912 surim
662 3861 736 3932 pejus
749 3861 1054 3932 est,probrorapmsqoioe
1063 3880 1173 3932 corpora,

99 3937 620 3997 accireconsuererat.Gemellusadser·
661 3952 707 3994 aut
723 3945 844 4012 prosapies
859 3959 975 4012 comem,
997 3941 1091 3993 omissa
1108 3957 1173 3992 voce

100 4022 152 4075 vile
179 4021 300 4075 officium
324 4018 515 4084 descenderat,
541 4019 617 4090 quale
658 4019 785 4090 probrosa.

98 4113 155 4154 erat
172 4102 314 4154 viatorum.
330 4103 361 4154 A.
376 4099 410 4154 U.
425 4118 545 4170 701.-
563 4099 617 4152 Me·
701 4103 728 4153 6.
741 4101 829 4152 Amore
839 4113 966 4170 correptio.
979 4099 1031 4151 Alii
1041 4107 1172 4168 corripitur.

98 4182 156 4234 atto
180 4180 296 4252 &priam
320 4182 359 4235 lta
379 4179 487 4251 Pighius
505 4199 536 4233 ex
554 4197 617 4232 con·
663 4179 740 4232 Male.
750 4178 815 4232 Vid.
832 4179 915 4244 Vlll,
935 4199 957 4232 r.
975 4179 1096 4232 Damnat.
1112 4177 1139 4232 8.
