3110 5134
388 503 456 570 118
539 499 759 570 VALERII
792 499 997 566 ΜΑΧΙΜΙ
1030 501 1125 568 LIB.
1161 497 1274 566 vlit.

701 713 933 802 CAPUT
964 712 1011 798 X
1021 713 1101 800 IV.

622 915 670 978 De
687 913 857 1002 cupiditate
870 911 985 1000 gbm'oe
999 915 1032 975 in
1046 913 1203 976 Romans.

386 1112 405 1142 ι.
420 1097 444 1142 P.
460 1094 569 1142 trenno
584 1099 678 1157 majore.
695 1121 725 1131 -
744 1111 766 1142 n.
779 1098 808 1142 D.
825 1097 896 1142 Bruto
911 1094 1022 1142 Gnllaico.
1039 1119 1069 1130 -
1083 1095 1104 1140 3.
1120 1094 1163 1140 Cn.
1176 1093 1286 1156 Pompeio
1300 1093 1396 1155 Megno.
1409 1119 1435 1128 -

512 1183 535 1229 l·
547 1175 612 1224 Snllt
623 1175 707 1225 Μία.
723 1199 753 1212 -
765 1175 787 1222 5.
799 1175 882 1236 notu
893 1173 1002 1236 qnotm
1018 1199 1047 1208 -
1060 1173 1084 1220 d.
1098 1173 1127 1220 c.
1138 1171 1209 1220 totio
1220 1173 1318 1236 pictore.

625 1335 674 1398 De
688 1333 857 1422 cupiditate
870 1333 984 1420 glcrr'oe
1000 1334 1031 1396 in
1048 1333 1207 1399 Exercet.

388 1533 408 1563 t.
419 1517 575 1564 Themistocle
589 1517 724 1564 otheoieooi.
735 1543 766 1553 -
777 1531 799 1564 o.
814 1517 945 1565 nmmo
957 1517 1052 1580 urguo.
1066 1543 1096 1552 —
1112 1517 1134 1564 3.
1145 1517 1268 1564 Aristotele
1284 1515 1395 1578 ruginte.
1410 1541 1433 1550 -

656 1603 679 1652 t.
690 1597 803 1646 huni
811 1594 943 1644 meteone.
954 1621 985 1630 —
998 1597 1020 1644 ⁵.
1030 1597 1173 1644 umento.

520 1765 571 1817 DE
590 1764 841 1818 CUPIDITATE
860 1763 1027 1818 GLORIAE
1046 1763 1091 1815 IN
1110 1761 1305 1816 nonnul&

439 1932 572 2004 Gloria*
588 1957 685 2020 vero,
706 1947 764 2001 aut
781 1930 869 2000 unde
891 1931 1031 2016 oriatur,
1053 1944 1109 1998 aut
1127 1929 1220 2021 cujus
1237 1929 1279 1997 sit
1292 1927 1438 2012 habitus,

387 2053 444 2108 aut
464 2064 529 2134 qua
550 2039 676 2108 ratione
697 2037 816 2108 debeat
840 2038 1042 2131 comparari,
1067 2049 1101 2104 et
1122 2059 1165 2102 an
1184 2031 1299 2103 melius
1326 2058 1346 2102 n
1373 2035 1439 2101 vir·

386 2159 473 2231 tute,
495 2142 595 2213 veluti
617 2167 684 2212 non
701 2143 901 2230 necessarie,
922 2141 1124 2238 negligatur,
1142 2141 1283 2208 viderint
1299 2139 1338 2226 ii,
1360 2165 1438 2234 qno·

388 2274 462 2318 rutn
491 2251 525 2318 in
553 2247 811 2344 contemplandis
841 2247 1028 2342 hujusmodi
1060 2247 1158 2316 rebus
1188 2269 1269 2315 cura
1299 2247 1440 2327 teritur3

388 2355 572 2450 quibusque
593 2353 662 2442 illa,
682 2379 755 2450 quae
771 2353 950 2449 prudenter
968 2351 1283 2440 animadverterunt,
1301 2350 1441 2420 fecunde

389 2461 527 2554 contigit
546 2459 672 2556 eloqui:
689 2484 752 2555 ego
768 2461 803 2526 in
817 2460 882 2528 hoc
901 2483 1000 2554 opere
1023 2457 1117 2528 factis
1137 2473 1305 2544 auctores,
1324 2471 1358 2532 et
1373 2482 1445 2526 auc·

388 2564 514 2634 toribus
529 2565 616 2635 facta
630 2590 689 2634 sua
704 2563 841 2634 reddere
858 2579 1047 2652 contentus,
1060 2577 1183 2657 quante
1197 2561 1359 2656 cupiditas
1375 2563 1443 2657 ejus

390 2695 460 2740 esse
475 2670 592 2758 soleat,
611 2673 751 2766 propriis
766 2669 923 2766 exemplis
940 2671 1165 2740 demonstrare
1181 2667 1337 2739 conabor.

446 2801 476 2846 1.
496 2779 653 2871 Superior
665 2775 855 2846 Asdcnnus'
871 2777 969 2845 Ennii
985 2789 1090 2871 poetae
1107 2773 1249 2870 effigiem
1268 2775 1303 2843 in
1321 2799 1444 2844 monu-

388 2883 508 2954 mentis
536 2881 696 2954 Corneliae
724 2885 829 2978 gentis
857 2881 1011 2954 collocari
1040 2879 1163 2967 voluit,
1193 2879 1282 2974 quod
1310 2880 1445 2976 ingenio

388 2991 458 3082 ejus
476 3013 576 3084 opere
598 3013 656 3058 sue
674 2987 833 3059 illustrate
850 2989 1030 3083 judicaret,
1051 3011 1118 3058 non
1139 2987 1270 3080 quidem
1292 2986 1447 3080 ignarus,

432 3208 456 3240 ι.
480 3189 576 3254 Gloria,
592 3190 646 3240 Alii
660 3189 735 3260 plut,
748 3189 790 3242 alii
806 3188 893 3243 minuo
935 3189 1016 3258 gloria
1032 3199 1111 3240 auum
1131 3189 1206 3250 und«,
1227 3184 1270 3240 ted
1284 3203 1371 3258 quum
1393 3187 1447 3240 fre·

388 3269 458 3334 justo
470 3267 532 3320 huic
547 3267 705 3320 uihncrunt.
725 3267 777 3322 Sed
789 3268 830 3321 vir
845 3269 893 3321 ho·
937 3285 1019 3337 quens
1034 3267 1069 3320 ott
1084 3267 1197 3332 Nostro,
1219 3267 1295 3318 etittn
1308 3265 1337 3318 in
1353 3267 1448 3338 priore

390 3358 482 3397 nutet
499 3345 616 3416 prudent
631 3365 716 3417 neque
735 3348 823 3418 glorie
838 3349 893 3400 nvi·
937 3347 1069 3410 membro,
1080 3344 1278 3418 conjunctiones
1290 3357 1348 3398 turn
1363 3363 1448 3417 copu-

389 3421 893 3498 dueinhitbitfflequeplenoeemeper·
936 3425 1042 3490 latione,
1057 3437 1113 3478 tunt
1122 3423 1292 3498 disjunctim
1300 3443 1450 3497 usurpare,

390 3514 450 3564 net,
464 3521 546 3574 Qum
558 3503 592 3557 nit
605 3505 684 3557 varin
702 3503 736 3557 td
751 3523 792 3558 reo
805 3524 894 3578 geren·
936 3505 1108 3560 mutationem
1128 3503 1282 3576 Pighitntm
1301 3504 1450 3558 Torrenino

389 3579 436 3634 dee
451 3581 893 3656 utilitatic.laevieplerumqneeni-
935 3585 1010 3656 nequi
1028 3585 1124 3638 noluit.
1143 3616 1184 3626 -
1208 3585 1314 3636 Tortor.
1337 3583 1450 3656 Pighius

389 3660 427 3712 mi
444 3673 496 3724 eet,
517 3663 584 3715 nihil
601 3663 720 3722 lethot-ere
735 3662 769 3716 de
789 3664 893 3716 virtutis
937 3663 1073 3718 Ciceronie
1082 3663 1164 3716 lihrne
1173 3662 1206 3716 de
1216 3662 1300 3736 glorio
1311 3663 1393 3716 innui
1403 3665 1450 3716 ht·

388 3739 480 3810 glorie.
488 3740 567 3794 Unde
576 3741 697 3796 Ciceroni
706 3742 824 3796 utentiri
832 3761 892 3814 poe·
935 3743 1062 3810 riolntnr,
1071 3761 1185 3816 quornm
1195 3743 1317 3795 meminit
1327 3743 1452 3806 Gellius,

388 3837 500 3872 eumue.-
520 3847 531 3867 ι
542 3821 667 3883 πολιὴν,
683 3822 828 3892 inquienti,
842 3841 892 3874 om·
935 3821 997 3886 XV,
1010 3826 1037 3876 6.

388 3917 429 3951 nes
441 3900 519 3952 studio
536 3899 631 3961 hedis,
645 3912 670 3952 et
682 3905 782 3971 ophitus
797 3905 892 3973 quilque
977 3901 1454 3966 2.Asruooos.vid.1.iv.xxxvl11;

389 3980 572 4050 nuncapium
579 3979 889 4042 amiton-Gloriam,
935 3979 1029 4033 Cicero
1044 4001 1094 4054 pro
1110 3982 1205 4035 Archia
1222 3995 1315 4053 poetn3
1332 3983 1453 4045 Plinius,

389 4058 890 4113 eorundesichobentsereomnestnss.
935 4060 1035 4114 Histoe.
1051 4062 1167 4116 Natural.
1178 4062 1224 4114 lih.
1238 4063 1309 4126 vn,
1322 4081 1385 4134 cap.
1400 4063 1452 4124 30;

390 4151 415 4190 ct
434 4137 476 4191 ed.
490 4139 561 4208 Meg.
577 4138 684 4209 Pighius
703 4158 766 4192 vero
784 4138 892 4193 dederat
935 4139 1016 4194 Solin.
1033 4159 1058 4208 7.
