3152 5134
348 504 456 570 cte.
484 504 527 591 V,
554 505 622 572 uc
651 505 918 577 napussrs.
1114 511 1159 607 37

106 633 260 702 ciderunt.
287 637 366 704 Haec
390 634 452 703 suit
473 637 593 729 punica
615 635 796 725 fortitudo,
818 639 901 709 dolis
925 653 958 709 et
982 641 1106 710 insidiis
1129 659 1162 711 et

106 739 226 809 fallacia
245 741 425 809 instructa:
447 766 519 834 quae
538 765 628 812 nunc
649 745 828 814 certissima
848 747 1080 818 circumventae
1098 751 1163 816 vir·

106 848 175 916 tutis
192 859 319 916 nostrae
338 847 504 917 excusatio
522 862 590 934 est,
615 851 770 942 quoniam
788 850 918 947 decepti
940 855 1044 947 magis
1065 878 1164 948 quam

107 968 176 1023 victi
194 977 323 1023 sumus.

471 1075 693 1164 CAPUT
725 1081 778 1166 V.

523 1257 577 1322 De
585 1213 588 1220 ·
598 1257 748 1350 repulsis.

114 1403 129 1434 r.
139 1391 167 1448 Q.
180 1389 244 1438 fflii
253 1388 392 1436 Tuberonis.
403 1414 434 1424 -
446 1403 470 1438 2.
485 1392 511 1436 1³.
522 1391 637 1452 Scipionis
649 1392 745 1439 Norico.
756 1419 786 1428 —
798 1393 820 1440 3.
833 1393 927 1442 Aemilii
939 1395 1022 1443 Paulli.
1035 1421 1066 1434 ·-
1076 1400 1105 1457 Q.
1116 1398 1166 1446 us-

194 1468 246 1514 telli
255 1466 410 1514 Macedonici.
419 1493 450 1502 —-
460 1467 481 1514 5.
493 1469 518 1514 t.
529 1468 632 1514 Cornelii
643 1469 719 1516 sotto.
731 1496 761 1506 -
770 1470 793 1518 6.
806 1473 838 1518 M„
852 1472 946 1520 Catonis
957 1474 1074 1522 uticensis.

157 1613 278 1706 Campi
300 1637 431 1706 quoque
456 1627 686 1706 repraesentata
712 1615 856 1685 conditio
884 1605 1088 1688 ambitiosam
1113 1622 1167 1689 in·

113 1716 291 1812 gredientes
310 1719 398 1788 viam
409 1717 437 1806 ¹,
452 1717 494 1786 ad
509 1718 625 1788 fortius
640 1718 846 1791 sustinendos
859 1747 976 1817 parum
991 1750 1167 1820 prosperos
1189 1767 1194 1782 ‚

113 1826 317 1892 comitiorum
342 1839 479 1892 eventus
499 1822 621 1893 utiliter
642 1827 850 1912 instruxerit3
873 1827 972 1921 quia²
992 1831 1168 1925 propositis

114 1943 182 1998 aute
202 1929 319 1999 oculos
341 1929 595 2000 clarissimorum
618 1933 764 2000 virorum
781 1932 939 2028 repulsis,
956 1949 994 2002 ut
1014 1961 1081 2004 non
1103 1939 1168 2006 mi-

115 2059 187 2104 nore
203 2061 282 2106 cum
299 2060 358 2130 spe
376 2035 539 2122 honores,
552 2038 597 2105 ita
612 2038 825 2132 prudentiore
840 2064 916 2108 cum
934 2041 1034 2108 animi
1044 2040 1168 2134 judicio

117 2156 219 2234 petent
229 2144 522 2236 meminerintque
539 2141 630 2212 nefas
639 2169 713 2222 ¹non
727 2167 814 2231 esse,
824 2144 947 2239 aliquid
961 2145 1003 2213 ab
1017 2147 1169 2216 omnihus

117 2249 166 2315 uni
178 2250 313 2342 negari,
327 2273 429 2342 quum
450 2273 675 2343 saepenumero
697 2248 814 2343 singuli
834 2265 1030 2320 cunctorum
1048 2250 1169 2320 volun·

117 2354 230 2424 tatibus
244 2356 397 2426 resistere
412 2353 460 2423 fas
475 2379 544 2424 esse
555 2355 725 2444 duxerint3
738 2357 875 2426 scientes
889 2357 1002 2446 etiam,
1014 2360 1170 2452 patientia

117 2463 210 2552 quaen
226 2461 368 2548 debere,
382 2460 471 2555 quod
486 2463 591 2554 gratia
605 2461 774 2555 impetrari
788 2464 959 2556 nequierit.
1050 2493 1053 2500 ¹

169 2590 196 2634 ι.
218 2568 262 2655 Q.
282 2566 386 2636 AElius
400 2567 549 2654 Tubero,
564 2592 583 2635 a
601 2568 643 2656 Q.
659 2567 760 2635 Fabio
778 2570 944 2656 Maximo,
958 2566 1090 2662 epulum
1112 2595 1171 2664 po-

116 2669 190 2762 pulo
203 2675 339 2742 nomine
356 2676 392 2742 P.
411 2672 556 2741 Africani
570 2673 678 2766 patrui
693 2675 742 2744 sui
760 2659 892 2761 dante³‚
910 2689 1044 2768 rogatus
1061 2689 1097 2744 ut
1113 2678 1171 2744 tri·

115 2775 247 2846 clinium
278 2793 456 2866 sterneret,
488 2776 625 2848 lectulos
656 2780 838 2873 punicanos
864 2777 1003 2873 pellibus
1033 2779 1172 2851 hoedinis

116 2883 252 2965 suevit,
270 2899 302 2953 et
322 2910 382 2978 pro
403 2886 567 2978 argenteis
588 2886 673 2954 vasis
695 2887 794 2954 samia
817 2887 988 2979 exposuit:
1013 2886 1105 2978 cujus
1125 2889 1172 2954 rei

115 2985 309 3060 desonniras
324 2993 366 3060 sic
384 3015 499 3060 omnes
517 2989 673 3078 offendit,
690 3004 729 3059 ut
745 3014 847 3085 quum
863 2988 985 3084 alioqui
1005 2991 1058 3058 vir
1076 3015 1173 3084 egre·

156 3191 404 3246 1.Vrorrr.Perizon.
415 3191 528 3263 conjecit
542 3195 622 3244 vitm
665 3191 727 3242 lices
741 3207 821 3261 opere
838 3188 950 3260 lignario
970 3189 1034 3242 olim
1051 3189 1174 3243 claruisse
1251 3197 1258 3204 ”

116 3271 221 3342 Absque
236 3272 402 3338 necessitate3
418 3271 566 3324 anduiosorn
585 3275 623 3324 iu·
665 3271 756 3322 Roma
770 3289 789 3334 ,·
805 3281 959 3340 argumento
984 3281 1046 3322 sunt
1075 3269 1175 3341 aliquot

114 3350 183 3419 endi
197 3355 260 3405 riom
272 3365 323 3412 est,
337 3352 454 3404 honores
465 3361 564 3422 petere.
667 3349 776 3403 Catonis
799 3345 833 3401 de
855 3350 887 3402 ll.
906 3351 939 3402 tt.
960 3359 986 3400 et
1001 3349 1089 3403 Plauti
1106 3348 1173 3403 loca.

154 3451 181 3483 o.
195 3432 290 3500 Quia...
307 3443 361 3484 ut„
372 3433 435 3484 lto...
444 3441 533 3501 perenn
548 3429 623 3500 Pigh.
667 3429 733 3482 Coto
738 3431 859 3495 sinestra-s
867 3432 981 3498 punicas.
993 3428 1099 3480 torcular
1104 3433 1176 3499 puni-

115 3527 163 3577 pro
174 3514 233 3582 quio
244 3510 336 3582 posuit
349 3522 393 3572 ut,·
410 3528 521 3582 sequens
539 3520 566 3560 ut
580 3527 625 3562 ex·
668 3511 1176 3581 cummoogmmtapuuiraoommemorot,

114 3589 225 3657 pontiu
236 3607 287 3660 pro
300 3593 336 3641 iro
346 3588 421 3644 dedit
433 3609 474 3652 oc,
488 3600 515 3642 et
525 3607 576 3660 pro
583 3607 626 3658 pe-
668 3600 696 3640 et
703 3587 811 3640 Plautus
821 3587 849 3638 in
857 3586 992 3638 Aulularia
1006 3589 1122 3638 mensum
1127 3607 1177 3657 pu-

116 3679 163 3718 tor!
178 3669 276 3721 maluit
289 3680 384 3739 perona
404 3667 456 3722 Sed
468 3668 626 3722 Torrenisni
669 3670 754 3719 sucum.
775 3664 912 3729 Isidorus,
928 3666 993 3728 XX,
1007 3666 1063 3718 hec
1080 3666 1178 3734 hahet:

114 3745 190 3801 codd.
200 3748 383 3819 comprobant
393 3749 527 3818 antiquam
534 3747 626 3800 lectio·
669 3746 790 3798 Punicani
798 3745 855 3796 lecti
860 3749 932 3815 parvi
940 3757 964 3795 et
971 3745 1069 3798 humiles
1074 3748 1178 3814 primum

114 3845 190 3892 nem,
205 3847 224 3880 a
239 3827 335 3898 Pighio
350 3828 543 3898 interpolatam.
670 3845 686 3875 a
702 3825 849 3895 Cortqumc
868 3825 972 3886 admeti,
993 3837 1018 3875 st
1034 3825 1089 3877 inde
1102 3830 1181 3877 mmi-

152 3913 179 3959 3.
196 3908 293 3959 Dante.
306 3909 359 3959 An.
376 3909 410 3959 U.
426 3910 492 3969 624.
507 3906 563 3960 Cic.
577 3923 628 3977 pro
671 3907 732 3958 uati.
751 3935 792 3948 -·
805 3904 911 3956 Pellibus
931 3904 1030 3956 doedinis
1045 3903 1112 3956 nihil
1132 3906 1178 3956 ab,-

111 3984 232 4040 Mnraen.
247 3985 377 4053 amsen.
389 3986 464 4058 epist.
479 3985 628 4054 95‚et99.
669 3983 764 4054 jectius
784 3997 811 4037 et
833 3981 966 4036 sordidius
986 3983 1115 4036 habitum.
1142 4014 1175 4024 -

113 4096 150 4106 -
181 4068 334 4118 Pontem.
366 4065 497 4137 ligneos,
530 4063 577 4135 qui
601 4065 629 4116 in
673 4063 764 4116 Samio.
775 4063 843 4116 Vara
851 4063 934 4116 Samia
944 4063 1046 4134 egregie
1058 4059 1182 4116 fabricato

113 4143 629 4214 poblicumstsrnebsntor.Poenosopi·
674 4141 925 4208 ercnt‚sedflctilis.

927 4245 974 4328 3³
