3152 5134
189 509 284 576 CAP.
312 507 383 592 ΙΙΙ,
410 507 471 574 DE
499 505 646 575 VAFRE
673 509 790 575 DICT.
818 509 909 576 AUT
937 509 1059 577 FACT.
1121 533 1166 604 ²7

158 641 198 722 4.
230 639 464 730 Lampsacenae
489 659 570 704 vero
596 635 686 704 urbis
712 635 822 722 salus,
852 639 948 705 unius
975 637 1171 706 uaframenti
1278 679 1281 690 ·

114 741 273 812 beneficio
288 741 467 828 constitit¹3
486 765 562 808 narn
581 766 683 834 quum
702 740 744 809 ad
761 741 941 810 excidium²
958 745 1027 836 ejus
1043 768 1171 812 summo

115 848 220 918 studio
233 845 432 916 ,Alexander
453 846 612 932 serretur,
635 871 911 941 progressumque
932 864 1025 917 extra
1050 850 1172 917 moenia

116 955 372 1040 Anaximenern,
395 966 630 1047 preceptorem
650 977 765 1036 suum,
787 952 939 1038 vidisset3
964 957 1040 1048 quia
1061 955 1170 1022 mani-

118 1059 233 1128 festum
267 1073 358 1144 erat,
387 1057 559 1144 futurum,
587 1071 625 1126 ut
649 1082 763 1151 preces
790 1083 865 1126 suas
894 1060 949 1128 irae
976 1061 1045 1153 ejus
1067 1083 1172 1154 oppo-

119 1180 222 1250 neret,
236 1187 310 1232 non
311 1165 492 1264 facturum
506 1189 544 1232 se
553 1164 649 1258 quod
651 1169 797 1258 petisset
803 1164 935 1256 juravit.
951 1167 1045 1232 Tune
1060 1166 1174 1232 Anaxi-

121 1295 245 1354 menes,
261 1273 363 1353 Peto,
377 1272 499 1364 inquit,
511 1285 549 1338 ut
555 1273 783 1365 Lampsacum
792 1270 918 1338 diruas.
930 1273 1010 1338 Haeo
1019 1269 1174 1338 velocitas

122 1376 301 1469 sagacitatis
315 1375 473 1469 oppidum
492 1389 622 1444 vetusta
640 1375 808 1445 nobilitate
828 1375 985 1470 inclytum
1001 1376 1176 1464 exitio,cui

124 1481 321 1550 destinatum
341 1496 427 1568 erat,
449 1481 618 1549 subtraxit.

173 1603 206 1674 5.
218 1604 453 1672 Demosthenis
467 1629 598 1697 quoque
612 1605 729 1671 astutia
747 1604 883 1672 mirifice
904 1604 1033 1673 cuidam
1052 1602 1177 1672 ancillae

125 1733 311 1778 succursum
330 1723 394 1794 est,
415 1735 488 1802 quae
507 1710 679 1802 pecuniam
700 1709 838 1802 depositi
858 1712 990 1777 nomine
1010 1733 1029 1776 a
1049 1708 1178 1777 duobus

125 1814 305 1908 hospitibus
323 1829 510 1908 acceperat,
525 1839 563 1882 ea
585 1813 789 1898 conditione,
810 1829 848 1882 ut
866 1813 953 1881 illam
973 1813 1067 1882 simul
1083 1816 1178 1881 utris·

125 1945 182 2012 que
200 1918 376 2006 redderet3
396 1943 537 2012 quorum
555 1919 637 1987 alter
655 1919 827 2012 interjecto
848 1933 996 2012 tempore
1012 1935 1180 2012 tamquam

126 2041 251 2094 mortuo
278 2026 368 2093 socio
392 2025 542 2118 squalore
565 2025 707 2100 obsitus.
724 2024 869 2119 deceptae
891 2049 1006 2093 omnes
1028 2049 1181 2094 nummos

128 2130 269 2218 abstulit3
300 2133 491 2224 supervenit
517 2130 633 2198 deinde
663 2129 768 2216 alter,
796 2145 829 2198 et
858 2131 1042 2225 depositum
1070 2144 1181 2223 petere

128 2238 243 2330 eoepit:
264 2235 413 2304 haerebai
431 2237 549 2305 misera
572 2238 605 2303 in
623 2237 764 2303 maxima
785 2237 906 2329 pariter
927 2251 960 2304 et
981 2238 1128 2330 pecunioe
1150 2249 1183 2303 et

128 2340 321 2410 defensionis
339 2343 491 2435 penuria,
504 2341 637 2435 jamque
655 2341 696 2409 de
715 2340 830 2434 laqueo
853 2356 886 2409 et
902 2341 1078 2436 suspendio
1094 2343 1182 2434 cogi·

126 2447 232 2530 tabst;
249 2446 308 2516 sed
328 2461 514 2541 opportune
534 2447 772 2516 Demosthenes
790 2449 819 2514 ei
842 2463 1000 2540 patronus
1018 2432 1184 2533 affulsit³,

127 2553 179 2644 qui
195 2567 234 2620 ut
249 2554 286 2620 in
303 2551 552 2621 advocationem
565 2554 670 2637 venit,
684 2581 700 2615 u
716 2552 855 2638 Mulier,
869 2555 988 2646 inquit,
1008 2567 1121 2646 parata
1136 2565 1185 2622 est

126 2656 264 2750 depositi
288 2681 323 2726 se
343 2657 408 2726 fide
432 2646 595 2744 solvere⁴;
613 2658 669 2726 sed
694 2659 755 2726 nisi
783 2659 907 2726 socium
937 2658 1128 2744 adduxeris,
1151 2657 1184 2726 id

125 2761 234 2830 iacere
249 2787 315 2830 non
332 2777 458 2856 potest;
473 2765 644 2856 quoniam,
657 2777 695 2831 ut
711 2767 780 2857 ipse
796 2763 1001 2848 vociferaris,
1012 2764 1083 2832 haee
1098 2763 1184 2832 dieta
1283 2816 1288 2832 .

128 2880 180 2933 est
200 2865 272 2949 lex,
292 2893 332 2935 ne
349 2871 488 2962 pecunia
508 2868 601 2937 alteri
619 2872 686 2938 sine
705 2869 809 2938 altero
830 2884 1063 2937 numeretur.»

184 2968 220 3038 6.
242 2975 290 3038 Ae
303 2997 342 3040 ne
353 2973 431 3042 illud
446 2999 562 3068 parum
577 2975 709 3069 quidem
724 2975 921 3068 prudenter:
936 2973 1069 3068 quidam
1087 2973 1184 3040 Athe·

125 3077 178 3144 nis
197 3078 350 3148 universo
370 3079 495 3174 populo
515 3082 657 3168 invisus,
678 3087 815 3148 eausam
830 3079 918 3172 apud
939 3103 1015 3146 euin
1033 3063 1185 3172 capitali⁵

166 3289 190 3322 r.
209 3271 337 3326 Constitit.
351 3271 416 3326 vid.
432 3275 541 3326 Pausan.
553 3274 634 3326 Eliso.
679 3273 730 3325 reis
739 3273 843 3343 petroni
852 3271 991 3333 dicuntur,
1003 3271 1135 3342 adiulgere
1147 3284 1185 3326 te·

127 3367 158 3412 2¹,
173 3361 200 3402 et
215 3351 322 3404 Suidas.
340 3353 511 3423 lampsacum
529 3354 592 3406 urbs
608 3354 635 3404 in
680 3371 740 3404 men
759 3353 841 3422 magis
854 3353 984 3404 Torrenio
1001 3352 1099 3423 placet,
1112 3351 1185 3422 qnod

122 3428 211 3490 littore
219 3430 388 3501 Hellesponti
399 3433 462 3495 site,
475 3433 502 3484 in
514 3450 560 3484 ore
572 3433 636 3485 esia-
680 3431 796 3484 subitum
804 3443 831 3483 et
839 3431 1045 3502 inexspectatum
1055 3433 1110 3500 ejus
1117 3433 1188 3483 euxi-

123 3508 180 3560 tica.
191 3511 258 3562 Vini
268 3511 427 3562 feracissime
437 3523 491 3564 erat
502 3511 574 3582 regio
585 3513 637 3564 oir-
680 3511 744 3562 lium
756 3529 875 3581 expresse
888 3509 1020 3564 decurne
1032 3507 1148 3562 videtur.

120 3588 637 3658 cumjacens:undeheuddubieaPria·
721 3595 747 3652 4.
774 3591 806 3642 Se
820 3589 873 3658 fide
892 3591 987 3641 solvere.
1006 3588 1049 3642 sio
1069 3589 1189 3660 plerique

120 3686 154 3736 po
172 3667 286 3720 condita
309 3669 481 3738 perhibetur,
502 3670 597 3722 Bacchi
612 3681 639 3722 et
680 3668 756 3721 MSS.
770 3669 891 3722 nonnulli
904 3681 989 3720 tamen
998 3667 1073 3737 fidem
1087 3669 1186 3729 soluere,

121 3745 235 3800 Veneris
251 3747 320 3800 titio.
681 3747 752 3819 quod
763 3767 816 3800 non
827 3750 938 3800 omnino
949 3747 1126 3800 damnandum
1137 3761 1188 3816 est;

160 3845 185 3878 a.
218 3825 368 3878 Eanum.
389 3827 543 3898 Complures
563 3825 637 3880 MSS.
681 3845 742 3878 narn
759 3847 784 3879 se
798 3827 852 3896 fide
868 3829 956 3904 solvere
974 3841 999 3879 et
1008 3826 1084 3895 fidem
1102 3827 1189 3878 solvere

119 3909 234 3968 esitium,
261 3923 316 3975 qua
337 3923 403 3958 soce
425 3907 502 3978 paulo
522 3919 582 3977 post
604 3905 639 3959 de
681 3905 774 3960 eudem
786 3925 864 3960 sensu
874 3905 1187 3980 usurpanttu.Vid.Flor.
1208 3978 1213 3987 .

117 3983 210 4037 eedem
226 4003 260 4036 re
278 3985 375 4037 Noster
388 3986 481 4038 utitur.
682 3987 709 4052 Ι,
722 4003 751 4050 r,
765 4005 809 4039 re.

156 4065 185 4116 3.
201 4065 329 4131 Affulsit.
345 4056 442 4116 Aldine
455 4077 482 4117 et
502 4064 559 4117 alise
573 4075 637 4116 vett.
724 4065 749 4117 5.
773 4065 887 4136 Capituli.
902 4065 979 4134 Pigh.
991 4064 1093 4134 scripsit
1106 4063 1136 4112 de
1147 4081 1190 4112 oa-

116 4140 178 4197 edd.
194 4145 308 4197 habent
322 4144 408 4209 adfuit.
426 4145 519 4196 Adesse
532 4141 638 4214 quidem
678 4145 760 4212 puali.
771 4146 871 4196 Verum
884 4143 1071 4214 prepositione
1083 4141 1112 4192 de
1123 4140 1190 4194 nibil
