3152 5134
307 533 424 640 ¹CAP.
453 533 528 618 Vl,
555 533 623 601 DE
650 533 1018 606 NECESSITATE.
1149 537 1197 626 45

132 665 260 734 exitum
280 662 441 732 attribuit.
462 665 572 732 Avaro
590 665 678 732 enim
696 663 783 734 fame
802 651 1022 763 consumpto,
1039 671 1200 740 manubiis

132 768 309 850 sordium¹
330 793 463 838 suarum
483 769 548 838 frui
568 793 636 838 non
656 768 772 838 licuit:
792 775 876 865 aequi
897 776 998 843 animi
1017 777 1068 844 vir
1089 777 1131 845 ad
1149 801 1200 846 sa·

131 875 278 946 luterem
294 877 474 970 impensam
488 875 687 964 faciendam,
701 899 777 946 care
789 877 942 970 quidem,
956 905 1070 950 verum
1087 907 1199 953 neces·

133 985 238 1070 sarie,
257 996 452 1076 comparato
474 981 548 1050 cibo
566 982 655 1050 vixit.

189 1117 224 1200 d.
248 1117 287 1185 C.
308 1128 418 1182 autem
440 1113 550 1182 Mario
567 1127 600 1182 et
619 1115 681 1182 Cn.
703 1113 857 1183 Carbone
875 1116 1063 1187 consulibus
1076 1117 1098 1206 ²,
1113 1119 1200 1191 bello

135 1219 223 1289 civili
240 1245 319 1289 cnm
340 1221 377 1288 L.
397 1217 485 1288 Sulla
500 1218 746 1304 dissidentibus,
760 1245 826 1314 quo
842 1234 991 1316 tempore
1007 1249 1075 1292 uon
1092 1227 1200 1321 reipu-

136 1326 230 1395 blicae
247 1326 388 1395 victoria
402 1325 626 1420 quaerebatur,
641 1324 696 1394 sed
715 1327 886 1419 praemium
901 1329 1045 1398 victoriae
1063 1354 1114 1398 res
1130 1347 1201 1402 erat

136 1430 290 1527 publica,
306 1430 586 1501 senatusconsulto
603 1455 702 1500 aurea
720 1446 818 1526 atque
831 1447 985 1527 argentea
1001 1434 1200 1530 templorum

138 1551 356 1626 ornamenta,
370 1562 412 1606 ne
427 1536 581 1607 militibus
597 1537 758 1631 stipendia
772 1537 938 1626 deessent,
952 1539 1094 1610 conflata
1108 1559 1199 1630 sunt3

140 1643 240 1738 digna
268 1645 358 1712 enim
378 1658 449 1712 erat
470 1667 586 1730 causa,
610 1643 686 1712 hine
712 1667 755 1712 an
780 1642 827 1712 illi
855 1644 1082 1716 crudelitatem
1107 1673 1199 1718 suam

143 1751 381 1844 proscriptione
402 1751 522 1820 civium
543 1751 717 1836 satiarent,
738 1763 777 1818 ut
795 1749 841 1818 dii
860 1751 1061 1822 immortales
1081 1753 1199 1848 spolia·

141 1870 264 1925 rentur.
279 1858 357 1925 Non
369 1881 449 1952 ergo
462 1869 592 1950 patrum
607 1857 869 1950 conscriptorum
880 1855 1047 1946 voluntas,
1057 1859 1113 1928 sed
1129 1875 1200 1950 tua,

141 1965 308 2030 teterrima
321 1962 523 2050 Necessitas,
535 1960 719 2032 truculenta
734 1985 851 2030 manus
865 1960 911 2030 illi
925 1963 1076 2034 consulto
1089 1965 1200 2036 stilum

142 2053 331 2164 impressit³.

193 2199 225 2274 5.
257 2203 338 2272 Divi
365 2199 443 2271 Julii
469 2203 646 2286 exercitus,
668 2203 702 2271 id
728 2216 796 2289 est,
822 2203 935 2272 invicti
962 2201 1053 2272 ducis
1079 2203 1200 2274 invicta

143 2307 293 2396 dextera,
311 2333 414 2402 quum
435 2310 535 2377 arinis
553 2307 715 2378 Mundam
737 2295 925 2377 clausisset⁴
942 2309 1118 2404 aggerique
1140 2335 1200 2378 ex-

142 2415 299 2484 struendo
315 2415 451 2483 materia
461 2413 630 2502 deficeret,
642 2415 793 2509 congerie
804 2413 971 2484 hostilium
985 2414 1200 2502 cadaverum,

143 2545 239 2614 quam
262 2519 504 2590 desideraverat
521 2519 724 2589 altitudinem
746 2521 913 2609 instruxit,
931 2543 1067 2616 eamque
1084 2535 1200 2616 tragu-

143 2613 197 2694 tis⁵
212 2641 246 2696 et
266 2625 357 2722 pilis,
374 2627 450 2721 quia
472 2627 618 2696 roboreae
641 2625 736 2702 sudes
758 2625 910 2714 deerant,
928 2629 1082 2722 magistra
1105 2653 1200 2700 novae

142 2732 319 2801 molitionis
336 2734 529 2802 necessitate
547 2758 626 2802 usus
648 2731 791 2802 vallavit.

200 2862 234 2931 6.
261 2867 365 2958 Atque
396 2879 434 2933 ut
464 2865 607 2934 divinam
633 2864 689 2933 filii
716 2867 916 2934 mentionem
941 2864 1076 2934 caelestis
1098 2868 1200 2960 patris

192 3089 217 3124 r.
230 3070 345 3124 soene
358 3072 494 3138 Avaritiam
505 3054 567 3144 qnia
581 3072 649 3124 nihil
691 3072 794 3142 vitque,
805 3070 936 3142 oppressis
947 3069 1072 3124 Marianis
1078 3075 1198 3143 rempub.

142 3151 280 3204 bominem
288 3149 649 3223 redditsordidiorem,quam
691 3151 800 3202 liberam
819 3151 884 3202 lore.
902 3149 1031 3214 Quocirca
1048 3151 1200 3206 necessitate

141 3230 211 3284 illnd
224 3231 328 3284 vitium.
691 3229 814 3300 compelli
825 3228 958 3294 visisunt,
970 3229 1048 3282 Sullas
1060 3230 1128 3282 ferre
1139 3249 1199 3303 sup·

183 3331 209 3364 a.
232 3311 385 3364 Comuls'bus.
401 3313 454 3363 An·
470 3310 505 3363 U.
525 3315 591 3380 671.
611 3341 650 3352 -
692 3309 782 3380 petias.
800 3309 840 3362 lta
854 3309 976 3364 hocloco
991 3327 1046 3362 non
1059 3308 1199 3364 admitten-

142 3389 256 3460 βψω
267 3403 332 3444 suat.
346 3391 398 3444 AEs
410 3391 536 3461 conflatum
552 3386 650 3442 dicitnr
693 3387 726 3441 da
740 3401 778 3442 est
792 3388 883 3441 ironia.

138 3469 167 3521 in
189 3470 319 3541 signatam
340 3473 481 3542 pecuniam
500 3467 650 3523 redactum:
736 3475 760 3532 4.
780 3467 917 3522 Clasus'sset.
943 3466 975 3521 ld
995 3468 1106 3539 contigit
1130 3469 1199 3522 bello

138 3569 171 3600 oes
182 3569 260 3618 grase
274 3548 459 3602 tantummodo
472 3559 604 3621 pensatur.
693 3548 854 3620 hispaniensi
871 3546 994 3601 adversus
1013 3549 1063 3602 Cn.
1085 3560 1111 3600 st
1127 3548 1197 3602 Sext.

179 3629 209 3683 3.
226 3631 356 3701 Impressit.
375 3627 408 3681 ld
422 3641 476 3695 est,
492 3639 611 3694 senatus,
623 3629 650 3680 ri
693 3628 841 3698 Pompeios.
851 3629 902 3680 An.
911 3628 946 3680 U.
954 3628 1018 3698 708.
1031 3627 1138 3693 Munda,
1153 3647 1200 3700 op·

136 3721 260 3774 nonem,
276 3709 410 3775 decrevit,
424 3721 456 3761 nt
470 3719 599 3761 autumet
609 3726 651 3760 sr-
693 3705 787 3778 pidum
806 3707 956 3779 Hispania,
971 3707 1018 3760 nbi
1036 3720 1090 3760 tam
1106 3725 1200 3780 anceps

134 3801 250 3859 gentum
267 3807 282 3841 e
302 3788 408 3860 templis
426 3788 580 3841 auferretur.
599 3787 651 3839 Alii
694 3786 742 3839 din
754 3799 781 3839 et
790 3787 864 3839 triste
873 3787 1090 3858 praelium,quale
1099 3787 1143 3840 six
1154 3805 1199 3840 sn-

133 3868 255 3920 imnians
271 3868 324 3920 boc
345 3869 406 3920 loon
424 3868 565 3928 invenere,
590 3867 651 3938 qnia
695 3877 752 3932 tea,
767 3877 797 3918 nt
808 3866 894 3920 Caesar
908 3867 962 3937 jam
976 3864 1010 3918 de
1025 3867 1147 3919 extremis
1156 3885 1201 3919 co·

131 3948 221 4001 utin:
231 3948 490 4019 fuerit,tensplornm
499 3959 651 4000 ornamenta
694 3946 795 4016 gitsret.
805 3944 870 3998 Vid.
884 3946 950 4009 Dio,
961 3946 1058 3998 XLIII.

131 4028 321 4080 snbMariana
336 4027 449 4080 factione
462 4021 651 4089 salvahebers,
747 4027 772 4077 5.
798 4025 919 4094 Tragulis.
939 4025 1053 4094 Traguloe
1071 4036 1132 4077 snnt
1149 4025 1200 4075 tels

130 4123 221 4176 qnam
227 4106 308 4177 Sylla
316 4104 652 4178 tyrannorelinqnere.Sed
695 4105 786 4174 gallica
802 4123 808 4156 ε
823 4105 892 4156 sudes
910 4117 996 4156 antem
1013 4103 1066 4173 pali
1081 4103 1149 4155 senti
1168 4121 1200 4155 ex

128 4186 217 4238 latnit
229 4199 349 4238 senatum
364 4186 442 4238 salte
452 4187 554 4238 animus
567 4203 653 4256 spera·
697 4196 806 4254 utraque
813 4197 887 4254 parte
895 4183 922 4235 in
930 4182 1078 4236 summitate
1084 4183 1198 4253 praeusti.
