3152 5134
325 444 348 512 a
506 443 722 512 varmnn
752 428 959 514 unxrnr
987 446 1081 510 mn
1110 445 1199 512 v11.

324 590 439 645 senatu
461 575 637 648 sententia¹
656 578 734 668 :qui
756 574 884 645 devicta
903 573 1123 668 Carthagine,
1147 603 1164 638 a
1185 575 1311 644 nescire
1332 602 1387 660 se,

324 681 378 751 illa
394 683 531 751 victoria
544 681 667 750 bonine
682 679 755 775 plus
774 703 816 748 an
830 679 908 748 mali
923 678 1126 775 Reipublicae
1142 679 1321 770 attulisset,
1331 706 1387 754 as-

324 789 506 870 severavit3
525 789 699 882 quoniam,
717 779 758 854 ut¹
773 810 889 880 pacem
907 785 1112 856 restituendo
1127 786 1321 882 profuisset,
1342 789 1388 856 ita

325 893 543 963 Hannibalern
564 891 809 980 submovendo,
826 917 894 960 non
912 891 993 960 nihil
1009 894 1196 962 nocuisset:
1211 891 1281 986 ejus
1299 896 1388 964 enim

325 1001 466 1070 transitu
481 1002 514 1068 in
529 996 674 1086 Italiam,
690 997 908 1072 dormientem
921 998 990 1092 jam
1007 996 1121 1096 populi
1139 1001 1266 1068 romani
1284 1001 1388 1068 virtu·

326 1122 392 1175 tem
412 1107 609 1192 excitatam3
628 1106 795 1198 metuique
816 1102 954 1192 debere,
967 1129 1009 1172 ne
1024 1106 1092 1174 acri
1113 1104 1231 1175 aemulo
1252 1103 1389 1174 liberata

327 1216 360 1281 in
377 1211 529 1280 eumdem
546 1236 698 1281 somnum
717 1207 1003 1278 revolveretur²:»
1022 1213 1055 1279 in
1071 1197 1181 1306 aequo³
1199 1213 1300 1307 igitur
1319 1199 1389 1282 rna·

326 1313 434 1388 loriam
452 1321 580 1412 posuit,
595 1319 646 1385 uri
660 1331 760 1404 tecta,
776 1318 898 1385 vastari
913 1341 1025 1412 agros,
1039 1317 1204 1388 exhauriri
1222 1317 1389 1404 aerarium,

326 1439 358 1492 et
374 1427 473 1518 prisci
488 1410 635 1493 roboris⁴
649 1448 768 1494 nervos
780 1421 939 1492 hebetari.
960 1487 964 1496 ,
1431 1419 1433 1424 ’

381 1535 415 1616 Δ.
431 1531 537 1619 Quid,
549 1528 629 1598 illud
641 1529 765 1598 factum
780 1531 899 1598 Licinii
911 1529 1063 1598 Fimbriae
1079 1514 1276 1599 consularis⁵
1290 1553 1390 1624 quarn

329 1632 475 1730 sapiens!
498 1637 528 1702 A
546 1637 592 1703 M.
615 1637 749 1704 Lutatio
771 1634 905 1728 Pythia,
928 1634 1100 1728 splendido
1120 1637 1229 1729 equite
1251 1660 1390 1705 romano

325 1743 426 1838 judex
440 1726 563 1810 aditus⁶
576 1741 618 1810 de
632 1744 823 1835 sponsione,
834 1766 933 1834 quam
949 1743 975 1809 is
990 1767 1066 1810 cum
1081 1741 1284 1829 adversario,
1298 1742 1396 1835 quod

329 1856 384 1919 uir
403 1848 511 1917 bonus
532 1864 636 1935 esset,
654 1846 797 1936 fecerat,
817 1869 987 1942 nunquam
1007 1847 1040 1916 id
1057 1849 1217 1941 judicium
1239 1872 1391 1942 pronun-

330 1956 465 2026 tiatione
477 1979 536 2022 sua
548 1954 643 2022 finire
655 1953 775 2042 voluit,
787 1979 830 2023 ne
843 1968 901 2022 aut
911 1953 1088 2048 probatum
1102 1957 1225 2041 virum,
1237 1955 1263 2022 si
1276 1967 1392 2024 contra

330 2087 405 2130 eum
417 2061 610 2154 judicasset,
625 2060 712 2128 lama
730 2059 898 2154 spoliaret3
913 2075 970 2129 aut
984 2061 1126 2154 juraret⁷
1141 2063 1248 2129 virum
1266 2061 1390 2130 bonurn

331 2195 418 2254 esse,
437 2191 540 2261 quum
559 2191 597 2236 ea
615 2191 667 2235 res
689 2166 981 2236 innumerabilibus
1003 2166 1154 2237 laudibus
1173 2171 1391 2237 contineatur.

388 2273 420 2344 5.
442 2272 747 2360 Forensibushaec,
768 2273 823 2342 illa
842 2271 1038 2344 militaribus
1061 2274 1228 2369 stipendiis
1248 2272 1392 2368 pruden-

334 2383 377 2449 tia
396 2379 540 2450 exhibita
548 2366 569 2444 ⁸.
590 2381 740 2474 Papirius
753 2381 879 2449 Cursor
897 2379 1029 2467 consul,
1047 2406 1149 2474 quum
1168 2377 1394 2474 Aquiloniam⁹

332 2510 528 2581 oppugnans
546 2484 694 2580 praeliurn
713 2485 811 2555 vellet
830 2487 1053 2574 committere,
1071 2486 1312 2581 pullariusque,
1325 2511 1394 2555 non

333 2593 601 2687 prosperantibus
623 2593 758 2682 avibus,
777 2597 939 2688 optimum
960 2595 990 2662 ei
1008 2596 1191 2690 auspicium
1210 2593 1393 2662 renuntias·

334 2714 400 2785 set,
418 2698 458 2766 tle
480 2697 608 2768 fallacia
623 2698 707 2768 illius
726 2699 831 2770 factus
854 2701 992 2785 certior,
1012 2701 1073 2768 sibi
1092 2699 1224 2793 quidem
1245 2715 1277 2768 et
1298 2723 1393 2768 exor-

379 2899 843 2954 r.Senteartainsenatu.bn.U.551.
888 2919 960 2971 supr.
974 2899 992 2950 l.
1008 2901 1051 2962 11,
1067 2903 1101 2966 8,
1117 2901 1285 2966 2;et1.v1‚
1301 2919 1333 2966 r,
1350 2919 1395 2953 ro.

378 2979 845 3050 a.Rwolvmtur.Inpristinurnsom-
928 2998 954 3047 7.
975 2979 1081 3034 Iuram.
1103 2979 1135 3031 ld
1155 2993 1208 3046 est,
1221 2983 1323 3050 juratus
1344 2993 1396 3034 sta·

336 3079 402 3112 num
414 3060 509 3112 iterum
524 3057 661 3112 incideret.
888 3069 988 3125 rueret,
1006 3059 1178 3129 jurisjurandi
1196 3061 1340 3130 religione,
1352 3071 1395 3112 ut·

378 3139 404 3192 3.
427 3140 457 3191 In
477 3159 552 3208 aquo.
575 3138 608 3190 Id
628 3152 681 3204 est,
699 3157 749 3210 pro
770 3139 846 3193 malis
887 3151 950 3208 pote
961 3137 1057 3209 judex,
1072 3140 1213 3193 obstrictus
1226 3138 1365 3210 judicaret.

338 3237 411 3290 uque
429 3217 530 3290 magnis
549 3219 650 3270 babuit.
671 3219 741 3274 Nam
756 3239 846 3290 ponere
929 3219 955 3270 8.
977 3218 1102 3272 Balattta.
1119 3221 1170 3272 An.
1187 3219 1222 3272 U.
1245 3221 1308 3282 too.
1329 3217 1393 3271 vid.

337 3311 363 3349 et
385 3317 495 3367 reponere
516 3316 565 3368 pro
581 3297 678 3358 tabem,
695 3303 843 3362 existimare,
888 3297 1295 3364 Liv.X,to;0ros.111,22.

247 3391 250 3412 ¹
337 3378 446 3432 solenne
474 3395 529 3428 noa
551 3389 643 3430 nostro
663 3390 784 3443 tantum,
800 3378 845 3432 sed
929 3396 955 3448 9.
970 3377 1136 3450 Aquiloniam.
1158 3378 1316 3450 Aquilonia,
1333 3377 1398 3432 Hir-

336 3457 457 3526 plurihus
470 3455 652 3526 scriptoribus.
888 3457 1014 3528 pinorum
1034 3459 1125 3512 civitas
1137 3460 1220 3516 Italiae
1233 3459 1311 3514 inser.
1326 3477 1398 3512 nunc

379 3543 403 3599 4.
418 3535 527 3588 Roboris.
542 3536 664 3606 Antiquae
676 3537 790 3590 virtutis.
891 3537 1015 3608 Cedoaga.
1024 3568 1064 3580 --
1074 3539 1132 3592 Non
1138 3539 1341 3610 prosperantibus.
1353 3537 1400 3590 Nil

380 3616 406 3668 5.
430 3613 653 3669 Consulariuvid.
670 3617 756 3670 Cicer.
766 3617 846 3672 Offic.
887 3617 1009 3688 prosperi
1022 3618 1246 3689 promittentibus.
1268 3651 1307 3662 —
1324 3617 1400 3687 opu-

337 3695 385 3748 llb-
396 3695 455 3756 111,
468 3713 527 3768 ΝΡ·
545 3715 590 3764 ¹9·
890 3717 960 3752 nuru.
983 3698 1097 3752 Winclr.
1119 3699 1214 3754 Calon.
1234 3708 1261 3751 et
1280 3695 1323 3750 orl.
1344 3708 1398 3748 vet.

378 3779 404 3828 6.
414 3775 514 3827 Aditus.
522 3773 764 3846 Siclongeplurimi
771 3775 845 3832 MSS.
889 3781 1010 3830 ementitus
1023 3781 1143 3847 optimum.
1152 3781 1287 3832 lineatim
1299 3776 1399 3828 licatiu

335 3853 479 3918 viavit,
496 3871 526 3924 7,
544 3861 575 3918 4;
594 3855 649 3908 cic.
666 3853 700 3908 ad
715 3857 847 3928 Appium,
890 3857 1013 3909 omnibus
1024 3859 1079 3909 sere
1092 3858 1168 3912 MSS.
1178 3855 1301 3912 romanii
1312 3854 1399 3917 desit,

336 3933 422 4008 Epist.
444 3933 584 3988 familiares
605 3935 662 4000 111;
684 3935 743 3990 Sea.
767 3936 845 3989 Hero.
890 3947 1004 3991 attamen
1023 3955 1081 3992 aon
1099 3940 1175 4010 plane
1188 3936 1296 3992 damam
1309 3937 1398 4007 Kapp.

337 4017 386 4067 fur.
411 4015 477 4084 733.
494 4013 564 4068 Male
585 4033 646 4086 ergo
673 4013 779 4086 quidam
801 4016 845 4069 ad·
889 4015 1399 4086 nititurenimauctoritateLivii,qaem

335 4095 421 4146 diruis.
436 4128 475 4137 -
492 4094 573 4162 Quod·
590 4095 664 4164 Qtrod
675 4114 725 4166 pro
739 4099 771 4148 ni.
782 4093 844 4168 Vid3
889 4094 950 4150 vide
962 4097 1004 4162 X,
1016 4102 1061 4159 ilo.
