3152 5134
367 489 417 570 ad
530 481 750 551 VALERII
784 479 990 546 Mtxlutl
1024 479 1118 546 LIB.
1153 479 1242 548 vlt.

365 617 568 702 subornatis,
593 611 741 698 uehicula
770 611 1041 705 eomprehendit,
1069 611 1209 705 hospitia
1229 615 1420 708 occupavit,

367 725 483 794 obvios
502 722 684 806 submovit3
704 741 744 786 ac
762 731 830 786 tam
851 717 967 788 audaci
990 719 1201 812 usurpatione
1224 720 1368 813 imperii,
1385 723 1419 788 in

365 832 508 898 maxima
530 827 602 898 luce
621 826 827 895 densissimas
847 822 1017 892 hostilibus
1037 823 1144 892 oculis'
1162 824 1314 894 tenebras
1328 825 1418 894 offu-

365 934 421 1004 dit.
438 935 529 1002 Idem
545 947 582 1002 ut
601 929 768 1002 Puteolos¹
789 932 897 1015 venit,
917 931 1052 1024 perinde
1074 953 1112 998 ac
1134 928 1302 1025 publicum
1323 933 1418 1000 mini·

364 1043 497 1110 sterium
513 1061 629 1134 agens,
648 1058 777 1106 summa
798 1059 874 1105 oum
895 1033 1025 1104 licentia
1046 1038 1204 1130 correptis
1224 1037 1362 1105 navibus
1384 1039 1418 1104 in

363 1145 523 1233 Siciliam,
536 1145 752 1214 certissimum
767 1157 846 1210 tunc
864 1143 1124 1236 proscriptorum
1138 1142 1348 1236 profugium,
1361 1167 1418 1236 pe·

364 1253 515 1321 netrarit.

423 1383 477 1428 ιο.
498 1358 557 1424 His
570 1363 638 1424 urio
652 1354 781 1448 adjecto
795 1352 924 1422 levioris
943 1367 1029 1422 notae
1042 1353 1208 1447 exemplo,
1229 1354 1270 1423 ad
1284 1370 1419 1423 externa

364 1459 567 1532 convertar².
584 1462 835 1528 Amantissimus
853 1459 984 1553 quidam
1000 1459 1076 1545 filii,
1096 1483 1197 1553 quum
1211 1485 1284 1528 eum
1303 1461 1418 1528 incon-

364 1571 461 1638 cessis
479 1593 519 1635 ac
541 1551 751 1660 periculosis³
771 1564 895 1636 lacibus
914 1589 1109 1652 accensum,
1130 1565 1172 1634 ab
1191 1568 1303 1637 insana
1321 1567 1417 1659 cupi-

363 1673 464 1742 ditate
473 1673 621 1742 inhibere
633 1671 741 1758 vellet,
753 1669 873 1739 salubri
883 1671 1018 1741 consilio
1030 1674 1169 1765 pattiam
1181 1670 1417 1766 indulgentiam

363 1780 573 1874 temperavit3
587 1779 678 1872 petiit
690 1780 795 1863 enim,
810 1792 847 1846 ut
865 1778 955 1872 prius
970 1799 1068 1870 mam
1084 1776 1224 1863 adeam,
1238 1776 1417 1871 quamdili·

363 1886 478 1980 gebat,
489 1887 567 1964 iret,
577 1883 702 1978 vulgari
715 1907 753 1952 ac
765 1886 1054 1978 permisspVenere
1067 1897 1222 1952 uteretur.
1236 1883 1338 1976 Cujus
1349 1907 1419 1977 pre·

361 1991 453 2058 cibus
464 1991 639 2059 obsecutus
651 1987 855 2075 adolescens,
869 1975 1024 2058 infelicis⁴
1035 1991 1133 2058 animi
1148 1991 1306 2082 impetum
1324 1991 1417 2058 satie·

361 2107 428 2165 tate
439 2097 635 2165 concubitus
650 2092 777 2163 licentis
789 2094 984 2178 resolutum,
994 2095 1093 2178 adid,
1106 2095 1194 2188 quod
1208 2120 1276 2163 non
1289 2094 1418 2182 licebat,

360 2202 538 2270 tardiorem
553 2203 794 2296 pigrioremque
809 2201 969 2287 afferens,
985 2201 1142 2296 paulatim
1157 2200 1317 2294 deposuit.

430 2399 481 2452 DE
504 2397 634 2452 VAFRE
654 2397 794 2482 omns
815 2399 897 2451 AUT
918 2398 1057 2452 FACTIS
1076 2399 1125 2450 ΑΒ
1146 2398 1358 2452 EXTERNIS.

421 2583 450 2628 1.
469 2559 582 2646 Quum
604 2555 789 2624 Alexander
807 2555 1028 2625 Macedonum
1051 2581 1108 2625 rex
1129 2544 1239 2625 sorte⁵
1257 2560 1419 2647 monitus,

362 2679 400 2734 ut
417 2687 510 2750 eum,
531 2665 586 2758 qui
606 2664 665 2732 sibi
683 2675 778 2756 porta
796 2687 927 2756 egresso
946 2665 1070 2758 primus
1089 2665 1301 2751 occurrisset,
1319 2667 1417 2734 inter·

362 2857 390 2908 in
401 2850 509 2906 modum
522 2852 644 2904 lictorum
654 2863 680 2903 et
688 2851 869 2922 apparitorum
954 2869 979 2902 a.
1002 2849 1141 2904 Convertor.
1147 2853 1198 2904 Alii
1205 2854 1421 2912 mnnarbabeut.

360 2933 529 3006 publicorum
538 2932 735 2984 suborucverat.
746 2931 779 2982 tu
787 2933 823 2983 ite
832 2947 871 2983 se·
954 2929 979 2982 3.
994 2930 1147 2984 Petimus.
1167 2933 1282 3004 Respicit
1298 2933 1333 2986 ad
1345 2953 1418 2987 amo·

362 3026 433 3085 ptem
443 3011 516 3064 MSS.
530 3010 652 3062 Tomeoii
666 3009 792 3062 etmulto
807 3007 868 3064 edd.
911 3027 968 3062 rem
993 3007 1162 3063 adolescentis
1187 3029 1248 3082 erga
1273 3025 1419 3066 matronam

361 3092 536 3163 Pighiusvero
544 3087 870 3160 deditpcblioornmquesers
911 3090 970 3142 viro
979 3101 1098 3160 nuptum.

278 3212 280 3220 s
363 3182 562 3239 eor-amparem
575 3169 807 3238 necessitptem.—
820 3169 869 3235 Os·
954 3175 979 3232 4.
999 3169 1112 3236 Infelicis.
1131 3167 1205 3239 Pigt.
1220 3190 1250 3224 ex
1263 3171 1374 3224 Winab.
1391 3184 1419 3223 et

357 3251 433 3318 fudit.
443 3247 519 3300 MSS.
533 3265 627 3299 novem
639 3245 734 3313 effrcdit.
745 3248 796 3302 llic
805 3265 869 3300 vcro
913 3248 1008 3301 Golon.
1024 3247 1131 3301 dederat
1145 3251 1258 3316 infelicem
1265 3287 1272 3311 ,
1289 3248 1335 3302 sed
1348 3251 1420 3303 Tor·

363 3347 444 3401 qaum
451 3325 781 3392 diosnuutenedroeoffundi
786 3328 867 3388 antu,
911 3342 967 3378 ren.
978 3329 1079 3395 infelicis
1086 3331 1232 3394 revocavit,
1242 3327 1314 3400 quod
1324 3331 1352 3382 in
1360 3349 1419 3382 om·

249 3469 255 3476 ¹
362 3407 442 3462 nimis
459 3403 525 3458 illud
545 3406 682 3476 proprium
700 3418 727 3456 et
748 3406 869 3476 feeqoem
911 3406 1419 3472 nibnseuisMSS.invenerat‚etinedi-

362 3487 507 3540 Torrcnius
533 3484 661 3536 existimat
686 3501 764 3554 quam
785 3499 815 3537 ut
835 3483 869 3537 de
911 3485 984 3538 tione
1002 3499 1055 3540 vet.
1067 3519 1108 3530 -
1122 3489 1227 3540 Duum
1245 3501 1299 3552 est,
1316 3489 1344 3540 in
1364 3507 1420 3560 quo

361 3578 452 3619 nostra
465 3563 578 3616 lectione
589 3562 706 3616 dubitari
714 3565 810 3633 possit,
821 3564 869 3616 etsi
911 3565 992 3616 animi
1002 3567 1042 3618 sui
1055 3566 1158 3618 libidini
1168 3587 1229 3620 cum
1240 3569 1345 3621 licentia
1360 3588 1420 3639 pos·

362 3645 512 3714 complures
531 3641 609 3695 MSS.
627 3641 789 3694 dissentiant.
804 3639 867 3696 Vid.
911 3643 1420 3717 sitindutgmdeganmrsmticcon-

361 3725 437 3777 Cart.
458 3721 526 3776 vlt.
547 3725 580 3787 6,
602 3739 655 3785 ²²3
671 3720 759 3774 Valer.
784 3721 867 3774 Flaeo.
910 3723 967 3775 silio
978 3724 1005 3776 in
1015 3724 1138 3794 Xenoph.
1146 3726 1260 3780 Memor.

359 3803 411 3868 tv,
426 3805 495 3866 48¹3
511 3797 599 3852 Pboed.
614 3800 655 3864 11,
673 3818 716 3852 ιι.
952 3801 978 3854 ⁵.
989 3801 1209 3858 Sorovntietnio
1224 3807 1418 3877 sortilegorum.

405 3899 429 3934 ι.
438 3881 558 3934 Puteolos.
565 3876 701 3950 Oppidum
707 3879 867 3933 maritimum
911 3880 1009 3932 Forsan
1025 3883 1053 3933 in
1066 3901 1130 3936 voce
1140 3891 1236 3956 πρῶτος
1249 3887 1326 3938 latuit
1338 3887 1420 3939 ambi·

362 3960 525 4032 Campaniae,
543 3975 597 4011 noa
609 3959 701 4029 procul
717 3959 750 4010 ab
762 3961 867 4011 Averno
910 3961 1073 4032 galeamque
1082 3964 1159 4015 etiam
1174 3965 1338 4035 praecipuum
1348 3967 1421 4037 prin·

356 4041 426 4094 lacu.
438 4071 478 4082 --
491 4037 696 4108 Prosagciun.dlii
709 4035 798 4108 legunt
810 4046 867 4108 per·
910 4039 1011 4110 cipem,
1031 4059 1126 4113 nempe
1145 4042 1269 4107 Darium,
1292 4043 1421 4100 denome

355 4123 467 4188 sugium,
485 4117 557 4192 quod
579 4117 709 4172 Torrenio
730 4119 865 4188 probatur.
910 4129 1020 4192 poterat
