3108 5136
346 467 443 514 200·
532 429 748 514 sarman
777 445 984 511 nixum
1013 445 1106 510 sin.
1134 443 1201 512 rx.

346 600 444 670 quam
463 573 574 642 similis
594 587 675 642 erat.
698 575 769 644 Nec
788 571 833 642 illi
857 587 913 640 aut
937 597 1066 642 morum
1088 573 1258 667 probitas,
1282 587 1341 642 aut
1361 599 1411 642 re·

348 695 479 777 spectus
497 695 547 749 tot
559 681 759 774 imaginum,
772 704 839 774 quo
853 680 963 748 minus
981 679 1044 750 hac
1062 678 1263 748 contumelia
1278 679 1411 774 adsper-

351 801 498 883 geretur,
515 785 675 881 opitulata
693 801 778 855 sunt.

405 897 438 978 4.
468 894 763 962 Generosissimum
788 893 978 962 consulatus
1002 889 1199 986 collegium¹
1226 890 1359 961 Lentuli
1380 908 1416 960 et

353 997 479 1070 Metelli
503 999 594 1068 fuit:
622 1002 680 1093 qui
705 999 804 1068 ambo
829 1000 863 1067 iu
888 1023 986 1070 scena
1011 1013 1148 1094 propter
1169 996 1416 1067 similitudinem

353 1107 550 1176 histrionum
570 1105 814 1200 propemodum
833 1108 971 1200 spectati
989 1120 1084 1193 suut;
1097 1105 1156 1174 scd
1174 1102 1257 1173 alter
1275 1129 1314 1173 ex
1332 1129 1416 1198 quo-

353 1211 430 1282 dam
449 1196 669 1281 secundarum
687 1235 873 1305 cognomen
890 1211 1079 1308 Spintheris
1096 1211 1216 1279 traxit:
1240 1208 1332 1296 alter,
1353 1213 1417 1280 nisi

355 1321 502 1414 Nepotis
522 1341 541 1386 a
559 1317 728 1386 moribus²
747 1321 945 1412 accepisset,
962 1317 1130 1412 Pamphili
1150 1317 1343 1400 tertiarum,
1364 1320 1420 1387 cui

357 1422 541 1494 simillimus
561 1449 630 1492 esse
649 1423 830 1511 ferebatur,
850 1425 1027 1493 habuisset.

412 1527 445 1600 5.
458 1533 502 1598 tt
516 1531 563 1598 M.
575 1529 728 1599 Messalla
742 1530 922 1600 consularis
939 1545 973 1600 ct
988 1531 1174 1615 censorius,
1187 1515 1419 1625 Menogenss³3

357 1638 525 1731 Curioque
553 1637 706 1705 omnibus
732 1636 914 1708 honoribus
939 1636 1130 1719 abundum,
1153 1635 1340 1706 Bssrbulei:
1367 1635 1423 1704 ille

357 1757 495 1838 propter
511 1744 577 1812 oris
595 1742 805 1838 adspectum,
822 1742 877 1812 hic
894 1757 1031 1838 propter
1048 1743 1331 1837 paremcorporis
1349 1767 1423 1810 mo·

358 1863 450 1938 tum,
471 1864 609 1944 uterque
630 1851 750 1920 scenici
771 1873 894 1918 nomen
913 1863 1047 1919 coactus
1064 1849 1286 1943 estrecipere.

434 2062 487 2114 DE
507 2061 830 2114 SIMILITUDINE
850 2059 1011 2114 FORMAE
1031 2059 1354 2114 ax-Tuuuotttttu.
1417 2089 1419 2093 ν

420 2271 448 2316 1.
465 2245 605 2313 Abunde
623 2247 688 2312 sint
707 2245 778 2313 lraec
797 2244 838 2312 de
857 2243 1063 2332 domesticis,
1085 2247 1241 2339 quoniam
1259 2259 1293 2314 et
1311 2271 1428 2340 perso·

361 2353 411 2421 uis
435 2366 511 2420 sunt
529 2349 738 2435 excellentia,
759 2364 794 2417 et
813 2363 879 2418 n'on
902 2351 1043 2420 obscura
1069 2351 1185 2420 notitia
1206 2351 1428 2421 celebrantur.

362 2459 445 2550 Regi
463 2443 648 2524 Antiocho⁴
667 2480 753 2524 unus
772 2480 811 2523 ex
828 2455 1026 2550 aequalibus,
1044 2471 1077 2525 et
1095 2459 1164 2552 ipse
1184 2460 1281 2552 regiae
1297 2459 1430 2554 stirpis,

365 2669 486 2722 cautibus
501 2666 646 2720 ministeria
661 2679 794 2738 prestans.
807 2667 874 2720 Plin.
920 2685 995 2723 scena
1010 2665 1055 2719 alii
1067 2667 1230 2738 primarum,
1248 2667 1293 2720 elii
1304 2665 1434 2722 secunda·

365 2749 385 2800 l.
399 2749 443 2802 cit.
461 2748 632 2819 Serapionem
645 2747 698 2798 vile
713 2747 874 2819 mancipium
920 2765 996 2812 rum,
1008 2747 1052 2799 atti
1060 2747 1196 2800 tertiarum
1205 2747 1321 2818 partium
1331 2761 1436 2802 actores

366 2827 552 2900 negotiationis
570 2827 662 2880 suario
680 2825 759 2879 fuisse
777 2827 876 2880 scribit.
921 2824 1085 2880 dicebantur.
1093 2825 1157 2879 Vid·
1171 2827 1227 2880 Cic.
1239 2827 1318 2881 Verr.
1328 2829 1351 2893 I.

367 2909 390 2961 E
404 2909 482 2961 Livio
495 2907 691 2979 cognoscimus,
703 2907 737 2959 ab
751 2903 879 2959 irridente
965 2925 990 2958 s.
1006 2906 1123 2959 Moribus.
1139 2907 1248 2962 Colerus
1267 2919 1293 2960 ct
1308 2909 1434 2961 Perizon.

368 2989 489 3042 Curiatio
509 2988 571 3040 trib.
587 2987 659 3058 pleb.
677 2985 728 3038 boc
746 2987 770 3037 ei
786 3005 880 3056 cogno·
923 2983 1063 3056 legendum
1082 2998 1177 3058 putant
1193 3007 1209 3038 a
1226 2986 1361 3057 majoribus.
1379 2985 1436 3040 Sed

259 3099 261 3104 ·
367 3087 428 3122 men
439 3067 592 3140 impositum
599 3085 661 3120 esse.
673 3063 738 3120 vid.
750 3065 808 3118 niv.
821 3065 878 3118 LV.
923 3065 1020 3118 rectius
1032 3065 1166 3137 Kappius,
1185 3067 1313 3138 Nepotem
1327 3064 1438 3118 dictum

411 3167 436 3200 r.
454 3149 664 3202 Generosissimum
679 3145 814 3197 consulatus
829 3145 879 3197 eol·
924 3163 979 3197 esse
988 3164 1002 3198 a
1012 3146 1143 3209 moribus:
1154 3165 1214 3198 naui
1228 3145 1374 3200 luxuriosos
1384 3145 1439 3198 ho·

371 3227 466 3296 legium.
488 3228 528 3279 Ita
548 3227 676 3296 Pighius,
698 3243 729 3277 ex
747 3225 880 3296 plerisque
922 3223 1007 3276 mines
1023 3243 1089 3296 saepe
1105 3239 1199 3296 ssepotes
1211 3239 1346 3279 vocarunt.
1361 3226 1437 3278 Hinc

297 3327 301 3334 ·
368 3306 444 3358 MSS.
466 3305 519 3358 Alii
535 3307 726 3374 generosissimus
745 3305 880 3356 consulatus
923 3305 1441 3374 nepotatus,douriu.-Tertsorum.Qui·

370 3383 571 3456 collegi05quod
583 3383 666 3454 magis
675 3383 761 3454 placet
772 3383 886 3436 Grono-'
923 3381 984 3436 darn
1005 3387 1104 3438 retiarii.
1125 3385 1204 3438 Male.
1224 3385 1286 3437 Non
1305 3385 1375 3439 enirn
1398 3383 1439 3437 de

369 3465 479 3534 vi0,qui
492 3475 686 3516 tamenexvett.
700 3460 760 3515 edd.
768 3474 794 3514 et
802 3463 878 3517 MSS.
922 3461 1111 3534 gladiatoribus
1130 3463 1176 3518 sed
1204 3461 1239 3516 de
1260 3463 1439 3518 histrionibus

369 3541 510 3612 legendum
523 3556 612 3613 putat,
623 3545 815 3612 generosissimus
826 3563 880 3595 eon·
922 3543 1041 3614 loquitur
1049 3543 1181 3598 Valerius.
1196 3542 1271 3596 Leid.
1284 3546 1368 3616 quint.
1385 3557 1440 3595 tes·-

369 3623 476 3683 sulotus‚
493 3623 626 3691 collegium.
644 3655 684 3665 -
704 3623 809 3674 [aistuli.
827 3626 877 3676 Au.
926 3625 1004 3683 tiarii,
1019 3623 1092 3695 quod
1109 3623 1216 3696 quidem
1230 3625 1280 3678 viri
1295 3623 1367 3678 docti
1378 3643 1441 3677 tna-

369 3703 406 3755 U.
422 3706 488 3770 696.
500 3703 628 3754 Lentulus
639 3701 684 3754 hic
695 3701 818 3773 Spinther
829 3715 881 3769 est,
924 3703 983 3755 lint.

369 3782 415 3852 qui
431 3782 522 3835 consul
544 3779 578 3832 de
595 3781 722 3834 Cicerone
742 3782 774 3833 ab
788 3782 879 3834 exsilio
967 3783 991 3835 3.
1006 3781 1153 3853 Menogenis.
1161 3781 1226 3835 vid.
1241 3783 1444 3847 Plinius,vt1‚

368 3860 520 3916 revocando
529 3861 620 3912 retulit
631 3873 657 3912 et
667 3874 757 3931 postea
768 3880 880 3932 procon·
928 3881 978 3928 1²3
994 3862 1078 3915 Solia.
1090 3864 1124 3916 V.
1140 3866 1218 3916 Anno
1228 3863 1311 3916 Urbis
1321 3863 1445 3918 conditae

367 3943 424 3996 sule
436 3941 463 3994 in
473 3941 593 3996 Ciliciam
603 3953 640 3992 ost
654 3942 795 4012 proiectus.
804 3941 879 4012 Spin·
925 3945 991 4012 698.
1004 3961 1073 3996 cens.
1087 3943 1222 4010 Messalla;
1236 3963 1299 3998 stin.
1312 3945 1349 3997 U.
1370 3945 1447 4015 577,

367 4022 426 4074 ther
448 4036 534 4076 autem
554 4021 604 4074 tuis
622 4020 730 4085 histrio,
745 4020 819 4091 isque
837 4041 877 4074 se·
922 4042 975 4076 cos.
990 4022 1081 4076 Curio.

365 4101 511 4155 cundsrutn
538 4101 661 4174 partium.
690 4098 822 4152 Nimirum
848 4101 875 4154 in
965 4103 1132 4165 Matioclso.
1144 4102 1208 4156 Vid.
1221 4102 1369 4176 Polybium
1383 4125 1422 4161 ex
1437 4127 1454 4159 c
