3108 5136
369 626 439 725 196
546 605 773 682 raanan
802 547 1010 666 naarur
1038 583 1130 652 ma.
1158 577 1223 645 rx.

364 760 465 834 (labo.
486 754 517 820 Ο
541 747 599 818 lati
624 735 868 812 cunctationem
886 709 1121 794 aerumnosam!
1142 736 1163 778 o
1178 701 1309 801 jurandi
1329 695 1424 766 stoli-

365 871 441 939 dam
456 851 567 930 fidem!
584 849 648 920 Sed
664 847 726 914 lios
737 858 774 911 tu
788 839 933 916 furores,
951 821 1168 896 immoderata
1185 805 1346 881 retinendi
1361 803 1423 897 spi-

367 977 449 1046 ritus
461 960 616 1044 dulcedo,
630 951 778 1045 subjicis,
792 967 878 1013 sanae
896 933 1030 1006 rationis
1045 923 1182 997 modum
1196 909 1426 1011 expugnando,

369 1105 440 1176 quae
458 1074 559 1142 vitam
581 1062 738 1156 diligere,
755 1064 899 1123 mortem
916 1066 986 1112 non
1005 1037 1121 1105 timere
1139 1024 1297 1124 praecipit.

516 1269 568 1322 DE
588 1248 835 1315 CUPIDITATE
855 1241 962 1295 Vtra:
981 1222 1281 1288 EXTERNORUM.

431 1455 459 1498 r.
479 1419 604 1493 Eadem
618 1401 783 1481 Xerxem¹
805 1419 916 1492 regem
937 1414 1000 1486 pro
1018 1384 1118 1453 totius
1137 1367 1221 1446 Asiae
1238 1383 1366 1442 armata
1381 1369 1433 1460 ju·

371 1521 524 1612 ventute,
546 1519 636 1620 quod
650 1519 737 1584 intra
753 1519 886 1608 centum
901 1520 1005 1567 annos
1024 1501 1109 1560 esset
1128 1485 1279 1566 obitura,
1296 1475 1433 1572 prolim-

372 1645 450 1714 dere
471 1637 633 1727 lacrymas
652 1615 808 1712 coegisti3
830 1609 887 1704 qui
907 1603 989 1673 mibi
1011 1596 1119 1693 specie
1137 1590 1297 1670 alienam,
1321 1603 1437 1651 revera

374 1773 468 1820 suam
484 1735 706 1813 conditionem
720 1719 908 1816 deplorasse
919 1708 1061 1790 videtur,
1079 1723 1180 1795 opum
1196 1689 1438 1788 magnitudine,

375 1879 473 1951 quam
492 1847 607 1916 altiore
623 1833 722 1906 animi
744 1848 841 1896 sensu
858 1818 1006 1896 felicium
1024 1809 1097 1904 quis
1117 1805 1205 1873 enim
1228 1795 1439 1868 mediocriter

377 1959 523 2059 prudens
541 1941 716 2017 mortalem
736 1942 901 2004 senatum
920 1913 1071 1990 fleverit?

434 2093 467 2135 a.
480 2056 636 2130 Referam
652 2066 742 2113 nuuc
757 2063 813 2106 eos
823 2033 846 2120 ²,
861 2029 983 2126 quibus
993 2022 1119 2114 aliquos
1134 2026 1303 2109 suspectos
1316 2007 1441 2075 haben·

380 2175 467 2244 tibus
482 2155 672 2256 exquisitior
687 2147 737 2217 sui
750 2139 899 2212 custodia
909 2131 1043 2229 quaesita
1058 2139 1124 2208 est3
1141 2143 1237 2190 neca
1248 2115 1445 2194 miserrimo,
1545 2123 1546 2126 ’

381 2278 439 2349 sed
464 2273 505 2342 ab
530 2293 587 2350 eo,
610 2259 665 2354 qui
689 2257 774 2323 inter
796 2267 918 2343 paucos
940 2234 1144 2307 felicissimus
1167 2226 1265 2297 fuisse
1283 2219 1446 2300 creditur,

574 2363 750 2438 Masinissa
761 2337 848 2438 rex³,
865 2369 983 2444 parum
996 2340 1073 2409 fidei
1084 2339 1118 2405 in
1133 2323 1322 2430 pectoribus
1341 2325 1446 2395 homi-

384 2381 540 2475 incipiam
552 2397 558 2440 :

731 2463 832 2533 lutem
856 2477 948 2525 suam
970 2443 1119 2518 custodia
1139 2423 1279 2511 canum⁴
1302 2431 1448 2502 vallavit.
1545 2439 1546 2476 t

386 2513 466 2560 unm
487 2496 670 2574 reponens,
695 2489 729 2536 sa

388 2701 467 2758 bebo.
485 2693 542 2746 ttoc
553 2677 720 2741 confirmarit
736 2675 790 2727 lere
803 2666 899 2722 mentis
940 2657 1112 2716 Numidarum,
1129 2645 1451 2722 etpopulirommtiomicis·

390 2785 491 2851 impos,
499 2775 657 2844 juramento.
667 2751 836 2822 Quumenim
845 2750 898 2816 jam
940 2743 1027 2795 simus,
1047 2732 1118 2808 quod
1133 2730 1240 2802 Pighius
1253 2725 1342 2796 ejecit,
1360 2732 1454 2793 utpote

391 2858 460 2917 mori
475 2853 599 2909 deberet,
613 2840 723 2895 stultum
733 2844 789 2886 erat
801 2847 849 2900 per
860 2825 899 2878 ri·
942 2831 1033 2874 natum
1045 2835 1077 2868 ex
1088 2813 1175 2884 aliquo
1190 2810 1344 2880 glossemate
1358 2801 1453 2855 otioso.
1545 2829 1546 2844 a

468 2938 474 2948 ’
556 2919 705 2980 .Formula
723 2926 810 2968 autem
827 2918 901 2959 vetus
984 2905 1010 2962 d.
1029 2883 1391 2950 Canum.Vid.Plin.VlI1,
1410 2887 1455 2942 do.

444 3061 450 3071 ,
604 2999 707 3066 ,dabo,
723 3013 768 3048 seu
784 3001 811 3042 ut
828 2985 900 3038 dabo.
944 2981 984 3031 De
1002 2975 1099 3028 cunibus
1120 2970 1187 3023 mira
1205 2977 1371 3020 nouantur:
1392 2981 1418 3012 v.
1433 2977 1456 3012 c.

395 3099 467 3154 Vide
475 3095 616 3150 Senecam,
628 3101 670 3152 ep.
682 3077 733 3139 833
746 3073 903 3124 Ciceronem
944 3059 1134 3112 Garamantum
1153 3067 1240 3120 regem
1256 3043 1363 3098 ducenti
1380 3057 1459 3094 esum

396 3181 429 3236 ad
442 3175 571 3231 Atticum,
581 3165 619 3228 V,
631 3159 675 3215 15.
945 3132 1077 3191 abexsilio
1085 3117 1462 3198 reduxerimuprssliantesad·

429 3241 637 3313 1.Xerxem.Vid.
648 3233 775 3290 llcrotlot.
785 3227 904 3300 7.Quum
947 3235 1036 3270 versus
1044 3213 1200 3267 resistentes.
1208 3201 1368 3276 Colophonii
1376 3213 1407 3252 et
1414 3201 1463 3254 Ca·

398 3342 498 3392 Xerxes
519 3331 650 3398 ingentem
666 3331 742 3369 suum
762 3307 905 3364 exereitum
947 3297 1103 3352 stabulenses
1116 3289 1225 3343 canibus
1238 3287 1265 3337 in
1278 3282 1347 3335 bella
1357 3277 1463 3340 ductis,

400 3423 428 3472 in
441 3421 547 3487 patente
555 3417 649 3471 campo
658 3394 692 3447 de
702 3389 836 3462 superiore
847 3385 906 3436 loco
949 3377 1048 3452 primas
1070 3371 1137 3425 acies
1159 3369 1348 3420 instruxerunt.
1372 3359 1464 3432 Appio

398 3493 575 3564 conspiceret,
597 3480 624 3532 iu
647 3493 704 3528 eam
725 3465 908 3538 cogitationem
948 3456 1030 3510 Juuio
1052 3465 1079 3505 et
1100 3453 1149 3522 Ap.
1173 3446 1241 3500 sisio
1260 3459 1325 3497 coss.
1351 3437 1465 3493 damna-

401 3573 487 3634 venit,
498 3579 528 3619 at
538 3562 651 3616 diceret,
661 3548 853 3606 intraCannos
863 3559 907 3594 eo·
950 3551 1008 3589 tum
1030 3531 1169 3586 dominum
1184 3525 1272 3591 canis,
1288 3539 1375 3594 quum
1396 3518 1467 3587 abigi

401 3621 911 3709 rumnemiaemforesuperstitemqui·
951 3635 1005 3668 non
1020 3623 1122 3685 posset,
1132 3607 1272 3661 comitatus
1282 3603 1310 3654 in
1321 3617 1469 3658 carcerem,

401 3737 451 3786 bus
465 3724 553 3780 serbis
570 3731 597 3772 et
611 3731 664 3769 suae
680 3711 738 3762 vitre
754 3704 908 3758 brevitatem
952 3685 1471 3766 moxpercussum,nlulatuprosequutus

400 3803 557 3883 deploravit.
953 3789 1007 3839 est;
1023 3787 1158 3844 quumque
1168 3786 1201 3820 ex
1217 3759 1390 3816 miseratione
1404 3775 1473 3830 quo·

443 3886 585 3952 mileses-am
596 3893 658 3928 uuus
668 3890 715 3923 eos.
724 3865 773 3919 Ed.
783 3875 835 3914 vet.
845 3860 911 3912 aliae·
954 3851 1076 3907 rumdam
1099 3859 1213 3923 potestas
1237 3843 1262 3896 ei
1289 3840 1343 3894 cibi
1377 3838 1472 3898 fieret,

399 3985 521 4046 querum
530 3957 607 4015 MSS.
618 3955 670 4008 hoc
684 3951 744 4002 loco
759 3959 857 3997 novum
868 3957 911 3992 ca·
955 3933 987 3988 ad
1002 3951 1031 3986 os
1046 3929 1164 3984 defuncti
1176 3943 1261 3979 escam
1275 3919 1354 3973 tulit:
1373 3919 1473 3972 ultimo

398 4066 448 4127 put
463 4042 595 4117 incipiunt
605 4036 657 4088 hoc
667 4029 744 4084 titulo
759 4043 766 4078 ;
781 4021 860 4090 Quam
872 4039 912 4069 ee·
955 4011 1017 4065 inde
1029 4009 1159 4082 dejectum
1176 4007 1204 4057 in
1219 4000 1340 4056 Tiberim
1355 3997 1476 4051 cadaver

662 4113 748 4166 '.o'nt,
770 4101 853 4174 quihus
869 4117 908 4148 sn·
955 4095 1076 4145 innatans
1105 4097 1250 4141 sustentare
1278 4090 1394 4134 conatus
1428 4089 1477 4128 est.

394 3034 450 3077 est·
467 3017 507 3071 Itu
517 3014 597 3062 uiuum

398 4135 485 4202 quisita
504 4118 611 4177 custodia
631 4132 667 4164 uss

396 4214 468 4282 spreti
481 4201 600 4259 domestici
608 4196 685 4263 suere.
953 4168 1103 4241 Lysimachi
1113 4165 1182 4236 regis
1194 4162 1266 4217 carris
1280 4177 1396 4212 accenso
1411 4175 1478 4228 rogo

435 4291 461 4342 3.
470 4286 599 4339 Masinissa
613 4295 661 4326 mx.
677 4265 787 4323 Addunt
799 4257 907 4332 quidam
954 4249 1056 4304 domini
1066 4239 1363 4310 flammeseinjecit,et
1372 4238 1479 4309 pariter
