3110 5134
389 515 439 600 84
564 509 784 579 VALERII
811 501 1015 576 Msxlnss
1041 505 1138 576 Llll.
1166 505 1276 576 Vlll.

389 645 445 717 tali
462 645 600 714 erimine
618 655 807 728 accusatus,
825 663 917 708 suam
937 652 1068 708 causam
1087 641 1174 733 egit3
1187 662 1294 732 neque
1309 653 1366 709 aut
1380 660 1447 710 me·

389 754 528 821 moriam
547 751 617 843 ejus
636 750 807 843 quisquam
827 745 1025 833 tardiorem,
1043 760 1100 813 aut
1125 746 1312 814 firmitatem
1338 745 1448 816 lateris

389 857 456 927 ulla
470 880 510 925 ex
524 870 617 950 parte
631 867 835 948 quassatam,
847 865 905 920 aut
917 877 954 920 os
965 851 1167 920 haesitatione
1180 851 1373 946 impeditum
1387 853 1449 921 ani·

390 961 567 1032 madvertit
583 962 681 1055 :quia
699 959 810 1028 omnia
826 957 887 1026 ista
905 959 940 1026 in
957 971 1043 1026 statu
1064 983 1123 1027 suo
1144 957 1260 1051 aequali
1276 982 1315 1026 ac
1333 983 1448 1054 perpe-

390 1085 448 1138 tua
469 1067 628 1136 industria
647 1063 879 1136 continebat¹2
903 1065 982 1158 quin
1004 1064 1102 1133 etiam
1123 1067 1156 1132 in
1178 1067 1249 1159 ipso
1271 1064 1450 1133 diutissime

390 1190 471 1245 actae
485 1176 560 1242 vitae
574 1173 639 1240 fine
655 1170 857 1239 disertissimi
870 1172 1010 1239 oratoris
1023 1168 1158 1238 Galbae'
1173 1172 1374 1239 accusationi
1395 1170 1450 1238 de-

362 1301 367 1310 ·
389 1281 571 1350 sensionem
594 1298 685 1346 suam
705 1298 768 1370 pro
784 1277 940 1370 Hispania
957 1277 1119 1368 opposuit.

444 1386 536 1454 Idem
561 1385 676 1478 graecis
700 1367 826 1450 literis³
852 1379 974 1448 erudiri
996 1381 1210 1474 concupivit:
1237 1405 1336 1476 quam
1358 1407 1453 1466 sero,

390 1491 467 1560 inde
489 1492 703 1571 aestimemus,
720 1486 811 1580 quod
830 1488 927 1555 etiam
951 1484 1065 1554 latinas
1084 1510 1176 1580 paene
1193 1487 1263 1578 jam
1286 1511 1385 1556 senex
1401 1487 1451 1555 di·

390 1597 493 1682 dicit;
514 1615 681 1690 quumque
703 1592 888 1686 eloquentia
906 1604 1058 1685 magnam
1076 1592 1144 1684 jam
1165 1590 1301 1686 glorim
1325 1607 1452 1687 partam

391 1703 549 1785 baberet,
563 1699 595 1768 id
610 1701 695 1793 egit,
712 1713 750 1766 ut
759 1698 842 1791 juris
861 1696 965 1767 civilis
979 1721 1110 1792 quoque
1127 1713 1211 1766 esset
1229 1699 1453 1794 peritissimus.

433 1833 480 1876 a.
503 1807 606 1899 Cujus
628 1803 766 1873 mirifica
789 1803 898 1898 proles
908 1790 931 1890 ⁴,
950 1805 1085 1897 propior
1106 1805 1192 1872 aetati
1208 1819 1329 1874 nostrae
1347 1807 1456 1892 Cato,

393 1917 437 1982 ita
459 1913 616 1984 doctrinae
636 1909 815 2006 cupiditate
834 1909 1007 2004 flagravit,
1026 1923 1119 1977 utne
1139 1911 1172 1978 in
1194 1913 1286 1980 curia
1303 1910 1457 2005 quidem,

393 2021 473 2090 dum
493 2033 624 2090 senatus
643 2018 794 2112 cogitur,
816 2029 1015 2109 temperaret
1037 2015 1118 2102 sibi,
1137 2039 1205 2109 quo
1226 2018 1335 2086 minos
1356 2015 1457 2088 libros

393 2150 519 2219 graecos
534 2123 694 2192 lectitaret
708 2148 715 2190 :
728 2145 795 2216 qua
805 2121 936 2214 quidem
949 2120 1111 2189 industria
1124 2122 1284 2210 ostendit,
1297 2121 1367 2192 aliis
1380 2138 1459 2193 tern-

395 2255 478 2324 pora
491 2231 620 2315 deesse,
633 2226 712 2297 alios
724 2227 927 2322 temporibus
944 2251 1112 2321 superesse
1122 2212 1143 2294 ⁵.

452 2333 484 2404 3.
507 2336 678 2403 Terentius
699 2348 808 2402 autem
828 2317 968 2420 Varro⁶,
986 2333 1139 2402 humanae
1157 2335 1233 2402 vitae
1255 2335 1407 2431 exemplo
1427 2351 1461 2403 et

442 2591 464 2626 r.
487 2571 639 2625 Contr'nebat.
658 2567 829 2621 Potissimum
849 2585 907 2620 mo·
951 2575 977 2619 c.
990 2583 1015 2618 a.
1028 2565 1113 2621 rmus
1125 2577 1164 2618 est
1175 2583 1308 2640 pronepos
1319 2567 1463 2624 Uticensis.

399 2653 536 2708 deratioue
555 2663 582 2704 et
602 2648 774 2718 temperantia
796 2649 909 2710 lacman,
995 2646 1021 2698 5.
1037 2645 1109 2704 Alter
1124 2647 1265 2717 humeribus
1283 2667 1410 2720 srpcmre.
1431 2651 1467 2704 td

400 2748 430 2788 ut
439 2733 558 2806 plerique
566 2743 683 2782 veterum
695 2729 842 2799 sapientum
855 2745 907 2780 uon
953 2737 1004 2784 est,
1024 2724 1088 2778 alios
1109 2725 1194 2790 nimo,
1208 2727 1343 2782 abundans
1359 2742 1469 2804 tempus

401 2811 436 2868 ad
455 2830 582 2865 summam
596 2807 676 2862 modo
692 2820 807 2872 estatem,
824 2803 870 2858 sed
884 2819 910 2859 et
953 2803 1061 2862 babere,
1078 2823 1124 2858 seu
1141 2803 1193 2857 illis
1208 2807 1321 2860 multum
1336 2811 1472 2881 temporis

399 2891 494 2947 validis
518 2889 605 2945 adbuc
623 2888 719 2942 mentis
740 2886 910 2958 corporisque
953 2896 1050 2936 restare
1060 2883 1087 2936 in
1100 2903 1153 2954 qno
1167 2883 1234 2938 nihil
1245 2886 1375 2954 babeant,
1389 2889 1473 2961 qnod

401 2974 503 3027 suibus
513 2970 692 3044 pervenirent.
703 2965 768 3019 vid.
778 2966 871 3018 Cicero
882 2967 909 3017 in
954 2974 1039 3033 agant.
1055 2962 1097 3016 sie
1111 2963 1205 3017 Cicero
1219 2967 1288 3037 apud
1302 2968 1422 3022 Gellium
1441 2973 1474 3040 l,

401 3055 512 3108 Catone.
776 3113 778 3122 Ι
958 3061 991 3092 aa
1004 3059 1011 3093 ε
1034 3053 1045 3074 ⁸
1058 3041 1113 3096 Nec
1125 3043 1232 3098 seientia
1240 3047 1306 3116 juris
1319 3051 1478 3120 majoribus

445 3125 912 3198 a.Galboe.HicGalba,quumsecon·
956 3121 1009 3174 suls
1020 3119 1057 3186 Q.
1067 3122 1117 3174 AEl.
1132 3121 1239 3178 Tubero
1254 3125 1348 3192 deluit,
1360 3127 1479 3183 doctri.

403 3212 557 3266 demnatum
563 3205 836 3275 videret,complexus
846 3201 913 3255 duos
955 3217 989 3254 ua
1001 3199 1079 3253 etlam
1089 3204 1212 3271 supeifur't.
1224 3231 1234 3250 .

405 3291 474 3342 lilios
487 3297 651 3362 praetextatos
662 3297 689 3335 et
701 3283 807 3352 Sulpitii
819 3282 913 3349 lilium,
997 3285 1022 3333 a.
1039 3279 1127 3333 Varro.
1137 3281 1202 3335 vid.
1216 3285 1281 3337 Gell.
1294 3285 1350 3350 111,
1366 3303 1421 3342 so.
1436 3312 1483 3326 -

406 3367 481 3440 cujus
496 3379 568 3420 tutor
584 3375 652 3430 erat,
663 3360 782 3413 oratione
796 3379 841 3413 sua
853 3375 912 3414 tan·
957 3359 1074 3428 Exemplo
1097 3373 1122 3410 et
1136 3367 1214 3430 spatio
1236 3364 1403 3420 nominandus.
1432 3368 1485 3423 Sic

406 3462 459 3501 tam
471 3441 675 3498 misericordiam
686 3441 784 3505 movit,
796 3453 826 3492 ut
839 3457 914 3511 roga·
958 3439 1079 3491 Vorstlus
1090 3457 1121 3491 ex
1131 3441 1341 3514 plerisquelibris
1350 3445 1428 3500 bene
1439 3465 1487 3501 re·

404 3527 689 3594 tioantiquaretur.-
706 3521 833 3589 Opposuit.
848 3517 916 3574 Vult
957 3517 1145 3588 stituit,quum
1155 3519 1318 3591 Pigb.solam
1326 3525 1488 3581 lectionem

408 3625 422 3659 a
436 3607 537 3660 Cmone
547 3601 679 3654 defensam
691 3617 745 3651 esre
753 3598 915 3669 Hispaniam,
958 3598 1050 3669 Camp.
1061 3611 1185 3668 sequium
1198 3601 1330 3668 edidisset,
1336 3609 1490 3677 exemplum

407 3703 486 3756 quam
507 3683 641 3736 accusabat
657 3679 761 3743 Galba,
783 3689 915 3748 tamquam
958 3681 1491 3750 uteroquesputr'umromiuanduswemm

409 3766 504 3820 merito
518 3776 570 3815 tam
584 3759 670 3832 gravia
686 3777 700 3810 a
714 3775 742 3809 se
754 3775 915 3828 perpessam.
958 3773 1037 3827 quam
1046 3757 1315 3822 ineoncinnnmillnd,
1326 3769 1415 3818 oetafis
1424 3789 1494 3838 spa.

451 3849 478 3900 3.
495 3842 589 3896 Grecis
604 3841 686 3891 literis.
703 3837 790 3890 Cicer.
808 3836 854 3888 lib.
875 3835 915 3887 Ν
959 3837 1016 3888 τίνω
1031 3837 1193 3891 marmandae.
1214 3841 1495 3912 NonpotestVsrm

409 3913 915 3990 Acad.Qutestion.-·concupivitvid.
959 3915 1041 3968 maris
1056 3917 1168 3988 spatium
1190 3921 1335 3982 nominari,
1359 3923 1417 3976 sed
1436 3947 1497 3980 no-

410 4007 506 4079 Nepot.
519 3999 589 4054 Plut.
602 4011 627 4051 et
638 3995 726 4050 Aurel.
740 3994 840 4048 Victin
853 3995 914 4046 vita.
960 3995 1054 4048 minari
1072 3995 1141 4048 idern
1157 4010 1243 4068 potest
1257 4014 1370 4071 propter
1397 4009 1501 4062 matis

450 4095 476 4152 4.
495 4081 587 4137 Proles.
611 4077 681 4130 Cato.
700 4071 917 4127 Uticensis.Vide
959 4075 1082 4145 spatium.
1102 4079 1139 4128 Ac
1152 4095 1203 4147 pro
1217 4077 1264 4130 illo
1278 4078 1353 4150 ipso,
1376 4101 1503 4157 propter

410 4169 563 4220 Ciceronem
572 4157 636 4226 „de
652 4155 778 4216 Finibus,
793 4151 839 4206 lib.
860 4153 915 4218 III,
960 4159 1039 4214 oetutir
1066 4161 1181 4226 spatium,
1200 4157 1321 4212 Valerius
1349 4165 1501 4238 scripsit.
