3110 5134
358 491 406 566 70
522 467 742 536 VALERII
769 465 974 535 ΜΑΧΙΜΙ
1002 467 1098 534 LIB.
1126 467 1239 537 VIII.

354 602 460 670 stione
473 599 615 668 afflictus
628 613 699 683 est;
715 599 893 685 innocens,
909 597 971 665 nisi
984 612 1052 680 tarn
1068 598 1178 691 prisco
1196 597 1307 668 seculo
1319 613 1416 670 natus

353 721 449 776 esset.

375 879 555 935 JUDIClIS
575 877 767 932 PUBLICIS
787 875 1033 942 INSIGNIBUS
1052 873 1276 931 ΔΜΒϋὸΤΙΕι
1299 878 1397 932 DUAE.

414 1067 442 1112 r.
465 1045 573 1136 Atque
594 1057 631 1110 ut
653 1065 709 1110 eos
731 1064 862 1135 quoque
884 1038 1084 1126 reseramus,
1105 1041 1162 1134 qui
1183 1041 1218 1108 in
1240 1039 1417 1112 discrimen

356 1149 471 1244 capitis
488 1148 636 1235 adducti,
652 1171 759 1241 neque
770 1145 932 1232 damnati,
946 1167 1053 1239 neque
1065 1144 1207 1215 absoluti
1221 1161 1316 1236 sunt,
1328 1147 1417 1243 apud

354 1258 404 1324 Μ.
420 1253 584 1350 Popilium
599 1257 769 1322 Laenatem
784 1264 960 1346 praetorem
979 1250 1129 1345 quaedam
1137 1250 1159 1340 ²,
1173 1252 1263 1347 quod
1278 1267 1418 1322 matrem

356 1361 443 1430 fuste
463 1383 653 1456 percussam
672 1360 902 1447 interemerat,
919 1380 1052 1426 oausam
1074 1357 1175 1428 dixit:
1188 1358 1231 1428 de
1247 1384 1313 1454 qua
1333 1385 1418 1430 neu-

356 1483 442 1536 tram
456 1468 491 1535 in
504 1481 633 1561 partem
646 1464 720 1534 latae
738 1464 906 1535 sententiae
923 1479 1022 1548 sunt;
1044 1465 1120 1558 quia
1140 1464 1271 1534 abunde
1289 1481 1419 1536 cousta-

356 1573 436 1661 bat,
458 1571 607 1642 eamdem
627 1596 757 1641 veneno
774 1569 968 1640 necatorum
993 1570 1172 1640 liberorum
1191 1570 1305 1642 dolore
1326 1597 1418 1642 com-

356 1694 503 1767 motam,
527 1704 610 1774 quos
637 1680 710 1748 avia
734 1677 809 1746 filiae
832 1677 960 1747 infensa
986 1675 1180 1766 sustulerat,
1206 1678 1421 1774 parricidium

358 1784 461 1854 ultam
477 1809 547 1855 esse
565 1784 751 1881 parricidio.
771 1786 925 1874 Quorum
943 1782 1084 1853 alterum
1102 1769 1243 1854 ultione³
1262 1784 1421 1880 dignum,

358 1890 498 1961 alterum
518 1891 723 1962 absolutione
744 1890 969 1986 condignum
985 1889 1170 1985 judicatum
1187 1907 1245 1962 est.

413 2041 445 2084 n.
462 2015 588 2084 Eadem
610 2015 814 2084 hesitatione
829 2016 864 2082 P.
884 2012 1084 2101 Dolabellae,
1106 2015 1333 2109 proconsulari
1354 2017 1422 2084 im-

357 2123 450 2216 perio
469 2123 581 2191 Asiam
606 2121 799 2208 obtinentis,
823 2121 953 2189 animus
977 2121 1153 2190 flucmatus
1174 2136 1234 2192 est.
1259 2123 1421 2192 Materfa-

358 2213 486 2296 milias⁴
505 2251 666 2320 smyrnaea
686 2227 794 2296 virum
817 2239 850 2294 et
869 2225 973 2296 filiurn
991 2229 1176 2316 interemit,
1194 2253 1298 2322 quum
1313 2229 1355 2297 ab
1371 2228 1425 2297 his

358 2333 492 2425 optirnae
509 2330 628 2402 indolis
642 2333 819 2425 juvenem,
837 2355 935 2427 quem
957 2357 998 2401 ex
1018 2335 1129 2428 priore
1150 2335 1223 2403 viro
1244 2336 1339 2404 enixa
1356 2333 1427 2403 fue·

359 2451 427 2526 rat,
446 2439 594 2508 occisum
616 2440 849 2532 comperisset:
864 2462 964 2532 quarn
983 2463 1054 2509 rem
1070 2437 1244 2509 Dolabella
1261 2440 1303 2510 ad
1316 2465 1351 2511 se
1366 2439 1426 2509 de-

359 2543 481 2632 latam,
503 2545 649 2614 Athenas
665 2545 708 2613 ad
726 2547 881 2641 areopagi
903 2546 1124 2640 cognitionem
1149 2544 1326 2641 relegavit,
1347 2549 1428 2644 quia

360 2651 430 2744 ipse
445 2675 552 2744 neque
565 2648 705 2719 liberare
721 2643 864 2720 caedibus
884 2649 1014 2720 duabus
1028 2654 1303 2742 contaminatam,
1317 2678 1429 2748 neque

404 2871 429 2905 1.
462 2853 595 2905 Ambustoe.
623 2851 732 2923 Pighius
759 2851 872 2924 proeiixit
914 2852 1013 2922 ᾰίςηωη
1024 2855 1120 2920 suissef
1140 2853 1226 2904 ooedem
1246 2873 1304 2906 vem
1321 2872 1369 2904 non
1387 2854 1431 2906 dr·-

361 2930 434 2987 buno
443 2933 548 2986 titulum
557 2931 603 3004 qui
612 2949 667 2984 non
682 2943 763 2984 exstat
771 2931 799 2983 in
810 2931 871 3002 plu·
912 2951 986 3002 gnam
998 2932 1154 2984 adsumtione.
1167 2932 1256 2997 Quam
1269 2934 1433 2987 sententiam

359 3015 434 3069 rimis
447 3011 523 3066 MSS.
535 3011 667 3064 Torrenii.
684 3011 828 3062 Ambustus
840 3009 873 3061 si·
913 3027 946 3061 ex
968 3010 1057 3080 priore
1084 3011 1198 3063 lectione
1223 3031 1279 3064 non
1304 3013 1431 3084 colliges,

360 3093 528 3167 gnificatioue
538 3090 693 3143 translatitia
706 3101 755 3154 est,
770 3088 817 3160 qui
827 3088 871 3142 vix
914 3105 996 3159 quum
1001 3086 1344 3160 dicataleerranporrr'm'diunr,
1352 3109 1436 3144 nem·

301 3237 303 3242 Ι
361 3195 390 3228 ac
405 3193 439 3226 ne
453 3171 496 3225 vix
510 3168 618 3241 quidem
628 3179 655 3220 et
669 3186 730 3220 cum
743 3169 870 3220 bonosa-
913 3185 948 3238 pe
967 3167 1122 3238 oenficr'rrm.
1147 3171 1236 3221 ultione
1255 3187 1301 3220 non
1324 3169 1436 3239 dignum

360 3271 411 3306 mm
421 3254 523 3323 jactura
534 3247 627 3301 mortis
638 3247 870 3317 periculumanlu·
908 3248 995 3313 fuisse.
1014 3277 1054 3290 -·
1069 3246 1215 3304 obtinentis.
1234 3249 1284 3301 Au.
1302 3248 1339 3302 U.
1356 3251 1436 3304 68⁵.

361 3333 452 3404 gienh
471 3341 498 3382 et
512 3329 586 3398 quasi
604 3344 637 3379 ex
652 3324 775 3378 incendio
788 3327 870 3379 vitam
913 3326 984 3380 Gell.
1003 3327 1072 3390 ΧΠ,
1091 3344 1128 3398 7;
1150 3327 1281 3381 Ammiau.
1305 3328 1437 3386 Marcell.

362 3412 482 3466 ambusto
495 3424 607 3477 corpore
622 3397 742 3470 cenans,
758 3405 786 3456 in
798 3404 870 3475 judi·
912 3405 1024 3470 xm,
1042 3425 1068 3457 ι.
1085 3407 1125 3458 De
1141 3408 1296 3480 Areopago,
1309 3407 1365 3462 vid.
1384 3429 1438 3464 su·

361 3491 462 3544 eloneo
475 3485 626 3544 absolvitur,
641 3501 690 3536 nec
704 3482 853 3538 damnatur.
912 3503 976 3556 pra.
989 3485 1028 3552 11,
1046 3489 1079 3550 6,
1101 3492 1132 3552 43
1147 3487 1184 3552 V,
1201 3489 1234 3553 3,
1257 3489 1283 3542 3.
1303 3519 1341 3530 -
1358 3491 1433 3542 Flu.

403 3588 428 3621 a.
446 3565 572 3637 Quadam.
593 3566 647 3616 An,
659 3564 731 3616 Urb:
743 3567 808 3617 διο.
830 3595 860 3606 -
912 3575 1006 3616 crunno
1021 3577 1064 3618 est.
1084 3567 1147 3619 Non
1167 3579 1207 3620 est
1222 3567 1307 3620 forma
1319 3571 1435 3641 passiva

361 3650 437 3703 Fusae
448 3642 664 3717 per-ewanvid.
680 3661 759 3715 supro
772 3641 806 3696 ad
814 3644 868 3708 Vl,
911 3663 961 3716 pro
975 3643 1069 3710 activa,
1086 3643 1132 3698 sed
1150 3658 1264 3721 unoque
1282 3647 1364 3702 modo
1387 3651 1434 3704 ef-

363 3731 390 3793 3,
399 3747 425 3796 9.
436 3727 530 3780 Furtim
543 3727 693 3776 interemerat
704 3742 720 3775 a
731 3723 808 3794 rign.
820 3735 867 3777 est.
911 3723 1003 3777 fertur.
1019 3723 1083 3779 vid.
1100 3725 1214 3790 Quintil.
1230 3729 1286 3791 1x‚
1299 3727 1325 3780 3.

401 3809 427 3860 ³.
456 3805 552 3858 Ultione
575 3801 682 3872 dignun.
708 3803 816 3873 Pighius
837 3821 868 3856 ex
953 3809 978 3866 4.
993 3802 1268 3876 Smyrnoea.Lib.Dan·
1283 3808 1436 3864 Zmimoea.

360 3888 447 3941 Palm.
458 3897 484 3937 et
495 3883 554 3936 Sus.
564 3883 593 3934 in
604 3894 705 3935 textum
713 3882 815 3953 recepit
828 3883 867 3934 da'·
912 3881 1050 3935 Scribeudi
1068 3885 1136 3937 ratio
1151 3885 1297 3956 antiquaria
1317 3907 1356 3939 zm
1377 3909 1438 3961 pm

358 3987 444 4039 gnum,
456 3961 530 4036 quod
542 3961 614 4016 deest
624 3961 652 4014 iu
668 3961 738 4025 aliis,
752 3981 806 4014 nou
818 3963 867 4015 im·
911 3981 954 4015 ειη.
971 3961 1015 4016 sic
1029 3963 1185 4034 Zmamgdars
1200 3966 1439 4035 pronuntiabant.

359 4049 488 4117 probante
501 4042 641 4096 Tou-onio.
651 4041 775 4095 Valerius
789 4041 825 4094 ait
836 4061 867 4094 ex
911 4043 995 4096 Vetus
1016 4044 1082 4113 lapis
1103 4062 1110 4097 :
1138 4044 1188 4096 Cr.
1209 4043 1346 4099 Pomro.
1372 4047 1439 4102 Ev-

359 4125 463 4180 duobus
473 4121 622 4196 parricidio
632 4119 770 4192 venestorum
778 4122 868 4174 ultione
910 4141 1003 4176 curo.
1018 4125 1070 4176 Cn.
1086 4123 1233 4179 Poumvo.
1244 4126 1439 4185 stonvs.
