3108 5136
381 485 427 506 w!
434 481 573 504 mum
577 477 1439 502 mmmmmuumsmmmwfflm

568 735 1257 865 FRAGMENTUM

441 1013 669 1116 alani
728 1011 833 1116 nn
888 1008 1394 1116 NOMINIBUS

525 1269 596 1327 Qut
626 1267 668 1314 nt
696 1267 943 1328 QUIBUSDAM
970 1267 1088 1314 OODD·
1117 1267 1306 1318 mutum

725 1448 873 1518 LIBRI
909 1449 1107 1517 DECIMI

834 1663 902 1700 HE
908 1665 998 1699 PPPPP

613 1827 1219 1866 ψ.

699 2023 749 2112 C.
771 2021 919 2109 ΤΙΤΙ
947 2023 1135 2110 PROBI

661 2235 710 2291 ΙΝ
746 2235 1005 2292 ΕΡΙΤΟΜΕΝ
1040 2237 1173 2292 SUAM

788 2421 1053 2487 PRAEFATIO.

389 2589 601 2710 Dacians
628 2631 726 2724 hujus
753 2629 861 2723 operis
888 2627 990 2716 liber,
1015 2629 1071 2722 qui
1094 2643 1127 2698 ot
1148 2628 1282 2698 ultimus
1308 2646 1372 2715 est,
1396 2627 1439 2697 vol

387 2768 428 2810 ex
444 2737 660 2836 negligentia,
675 2751 734 2804 ant
750 2733 981 2804 malevolentia
999 2731 1206 2804 librationum
1222 2735 1369 2832 deperiit.
1384 2736 1438 2804 Ab·

387 2849 554 2918 breviator
571 2843 683 2914 titulos
701 2843 770 2936 ejus
791 2841 935 2910 habebat
954 2842 1080 2936 integro
1098 2841 1261 2911 fortassis:
1283 2858 1391 2912 tamen
1407 2841 1439 2909 de

388 2980 455 3025 nno
476 2968 619 3038 tantum,
639 2951 704 3020 hoc
726 2963 792 3032 est,
810 2947 851 3018 de
873 2948 1092 3042 praenomine,
1112 2949 1256 3043 epitoma
1274 2974 1440 3044 repraesen-

395 3271 1435 3294 mmmfflmmstmfflmsswbmw

634 3438 799 3524 ALIA
833 3439 1205 3529 PRAEFATIO.

394 3615 608 3735 Decimus
630 3673 729 3751 atque
747 3655 881 3728 ultimus
898 3659 995 3753 hujus
1014 3661 1122 3754 operis
1140 3659 1237 3749 liber,
1256 3689 1314 3734 seu
1330 3663 1441 3734 studio·
1530 3659 1531 3710 l

390 3791 501 3837 sorum
524 3764 658 3848 inertia,
687 3787 744 3831 sen
772 3767 968 3858 scriptorum
997 3767 1154 3860 segnitia,
1176 3793 1233 3837 sen
1253 3769 1318 3840 alio
1338 3772 1441 3864 quovis

388 3897 467 3942 casu
485 3872 573 3940 aetati
587 3883 709 3937 nostrae
724 3869 872 3962 perditus
890 3885 950 3940 est.
969 3874 1097 3941 Verum
1111 3873 1215 3943 Julius
1235 3877 1328 3946 Paris
1342 3876 1441 3944 abbre-

262 4008 265 4019 ¹
391 3981 497 4048 viator
519 3974 642 4045 Valerii
665 3988 741 4068 post
763 4000 883 4045 novem
911 3975 1011 4046 libros
1033 3977 1220 4073 explicitos,
1244 3983 1334 4052 hunc
1360 3981 1441 4050 deci-

392 4108 481 4152 mum
509 4083 569 4150 sub
596 4081 828 4175 infrascripto
854 4084 1051 4177 compendio
1077 4085 1268 4180 complexus
1296 4105 1366 4174 est;
1391 4109 1442 4182 per
