3110 5134
274 477 381 544 cir.
410 475 492 558 111,
520 475 586 540 us
615 475 705 540 rus
733 476 797 541 ur
825 477 966 543 omo.
1083 477 1149 574 157

92 607 186 675 etiam
205 608 305 700 gessit
327 609 545 700 impotentem
563 629 639 674 nam
656 605 698 692 Q
714 605 885 675 Metellus¹
906 633 1008 702 quum
1027 623 1151 680 utram·

93 737 154 806 que
179 713 373 806 Hispaniam
401 709 515 781 consul
538 713 653 806 prius,
681 711 800 781 deinde
829 713 1030 807 proconsul,
1061 741 1154 810 paene

92 833 191 887 totam
210 819 409 937 subegisset,
428 833 601 913 postquam
621 833 779 911 cognovit
796 820 839 907 Q
859 822 1052 939 Pompeium
1071 848 1151 892 con-

91 923 220 994 sulem
210 926 379 994 mimicum
402 949 498 992 suum
518 949 740 993 successorem
758 925 818 992 sibi
836 927 940 1012 mitti,
958 950 1072 997 omnes
1094 933 1149 1024 qui

91 1031 187 1100 modo
208 1030 360 1099 militiam
381 1055 473 1098 suam
490 1028 668 1098 voluerunt
689 1029 794 1115 finiri,
817 980 960 1100 dimisit:
980 1058 1149 1104 commea-

91 1152 137 1206 tus
148 1135 386 1232 ²petentibus,
410 1161 517 1230 neque
534 1137 639 1205 causis
661 1137 825 1222 excussis,
845 1161 951 1231 neque
969 1140 1150 1209 constituto

92 1258 257 1338 tempore,
283 1241 397 1311 dedit:
418 1243 555 1328 horrea,
574 1241 766 1312 custodibus
786 1245 937 1332 remotis,
961 1270 982 1313 o
1006 1259 1149 1339 portuno

90 1351 209 1444 rapinae
234 1349 401 1444 praebuit:
428 1373 524 1419 arcus
546 1351 747 1443 sagittasque
768 1351 974 1418 Cretensium
1022 1351 1149 1446 frangi,

94 1471 183 1549 uque
203 1458 238 1524 in
258 1479 389 1523 amnem
407 1455 502 1548 abjici
518 1456 638 1548 jussit:
659 1453 841 1548 elephantis
862 1455 984 1525 cibaria
1002 1457 1073 1526 dari
1093 1483 1148 1528 ve·

91 1565 154 1630 ruit.
170 1561 306 1650 Quibus
319 1561 412 1630 factis
427 1575 465 1629 ut
481 1560 651 1655 cupiditati
666 1585 732 1630 suae
746 1560 896 1646 indulsit,
915 1563 960 1629 ita
974 1565 1148 1658 magnifice

91 1683 253 1760 gestarum
271 1693 381 1736 rerum
399 1666 537 1762 gloriam
556 1669 728 1787 corrupit:
746 1670 966 1762 meritumque
985 1670 1145 1739 bonorem

91 1775 263 1868 triumphi,
277 1774 420 1842 hostium
430 1797 551 1867 ,quom
570 1775 642 1858 irae,
659 1773 776 1842 fortior
790 1775 909 1860 victor,
924 1775 1040 1844 amisit.

139 1882 170 1951 8.
203 1879 296 1969 Quid
323 1867 442 1963 Sulla⁴,
465 1880 544 1948 dum
572 1880 650 1949 huic
678 1881 757 1946 vitio
782 1878 1008 1974 obtemperat,
1037 1907 1147 1952 nonne

92 1986 189 2056 multo
207 1987 316 2054 alieno
334 1987 493 2116 sanguiue
512 1985 666 2079 profuso,
684 1983 726 2052 ad
745 1983 896 2054 ultimum
916 2000 949 2054 et
965 2011 1061 2055 suum
1081 2013 1149 2057 ero·

91 2091 195 2184 gavit?
213 2077 379 2162 Puteolis⁵
396 2093 482 2160 euim
502 2091 620 2160 ardens
636 2090 879 2185 indignatione,
898 2092 986 2184 quod
1004 2096 1147 2164 Granius

91 2201 238 2294 princeps
263 2199 334 2291 ejus
355 2197 492 2268 coloniae
509 2199 682 2293 pecuniam
706 2222 726 2264 a
747 2196 980 2267 decurionibus
998 2200 1039 2268 ad
1058 2201 1146 2270 refe-

91 2307 226 2374 ctionem
259 2304 412 2398 Capitolii
441 2305 635 2399 promissam
666 2305 875 2372 cunctantius
904 2305 1017 2391 daret,
1046 2309 1147 2376 animi

91 2413 306 2481 concitatione
327 2413 446 2497 nimia,
467 2425 566 2505 atque
582 2409 800 2479 immoderato
818 2411 908 2480 vocis
923 2413 967 2478 im
992 2426 1048 2481 etu
1067 2439 1146 2482 con·

91 2515 177 2586 vulso
190 2532 339 2612 pectore,
352 2518 505 2611 spiritum
519 2541 637 2586 cruore
649 2540 687 2584 ac
699 2517 796 2584 minis
809 2517 947 2585 mixtum
983 2521 1147 2604 evomuit;

90 2647 145 2691 uec
163 2626 257 2692 senio
273 2623 341 2716 jam
362 2621 553 2742 prolapsus,
573 2599 689 2716 utpote
709 2625 947 2716 sexagesimum
963 2625 1149 2752 ingrediens

88 2751 229 2816 aunum,
249 2729 307 2798 sed
327 2727 404 2798 alita
421 2730 556 2798 miseriis
580 2726 795 2821 reipublicae
786 2714 1000 2820 impotentia⁶
1020 2731 1148 2816 furens3

88 2955 162 2988 mum
182 2938 328 3008 exemplum
348 2936 401 2990 hoc
421 2934 501 2988 modo
524 2935 596 2989 clan-
640 2933 1147 3002 niamiuteriorem,Celtiberiam,unde

85 3030 163 3080 serat,
172 3035 245 3085 negas
254 3017 371 3087 efficacem
385 3021 463 3077 iram
477 3034 530 3086 quo
543 3015 594 3068 ini·
639 3027 665 3067 et
682 3012 836 3066 Celtibericus
851 3011 944 3066 dictus.

87 3095 121 3146 tio
132 3097 213 3166 hujus
226 3097 340 3168 exempli
355 3096 483 3167 respexit,
494 3106 524 3148 nt
537 3096 594 3166 ple·
680 3111 706 3144 2.
724 3091 881 3144 Commendo.
896 3093 1021 3146 Liberam
1032 3096 1147 3151 abeundi

87 3193 195 3248 rumque
211 3177 286 3229 solet.
638 3169 672 3224 ad
684 3184 787 3242 tempus
798 3184 961 3242 potestatem.

127 3275 148 3308 r.
163 3257 283 3309 Metellus.
299 3258 348 3308 du.
360 3255 395 3306 U.
411 3258 475 3308 611.
488 3253 592 3318 Livius,
679 3252 704 3304 3.
714 3251 922 3316 Creteeuiquui
929 3251 1066 3308 auxiliares
1073 3272 1147 3311 erant

84 3333 160 3399 1.111;
175 3337 286 3400 Florus,
297 3336 338 3400 Il,
357 3353 405 3405 ¹73
420 3333 508 3386 Aurel.
521 3333 591 3385 Lxl.
639 3331 1148 3398 P.romsni.Haecomniasecit,nePom·

83 3413 156 3485 Pigb.
165 3435 230 3469 cum
239 3415 297 3469 aliis
305 3412 390 3468 edidit
396 3415 541 3484 provinciam
549 3413 594 3464 Hi·
638 3411 713 3481 peius
724 3410 807 3481 gloria
821 3411 960 3482 potiretur.

83 3499 203 3564 spaniam,
219 3497 281 3567 quia
294 3491 593 3547 MetellusMacedorrr'cus
679 3497 704 3554 4.
725 3490 805 3543 Sulla.
825 3492 876 3542 An.
892 3491 927 3542 U.
946 3491 1012 3560 675.
1032 3493 1101 3550 Plus,
1119 3499 1145 3550 in

81 3593 131 3628 non
141 3590 286 3646 utramque
301 3569 521 3645 Hispaniam,sed
531 3573 593 3624 cite·
637 3569 699 3622 vita.

81 3655 175 3708 riorem
188 3655 359 3728 provinciam
370 3651 510 3714 duntaxat,
526 3651 595 3703 obti·
680 3649 706 3702 5.
727 3649 843 3702 Puteolis.
855 3648 940 3702 Distat
952 3649 1005 3704 boc
1018 3653 1147 3726 oppidum

79 3735 142 3787 uuit.
157 3733 215 3788 Sed
230 3747 355 3806 unamque
373 3750 430 3784 rem
451 3731 531 3802 magis
547 3749 593 3783 au·
638 3729 663 3780 X
682 3729 765 3781 millia
787 3747 911 3800 passuum
931 3747 945 3781 s
965 3730 1085 3802 Neapoli.
1109 3769 1148 3778 —

77 3828 129 3882 get,
136 3827 250 3869 utrecte
259 3813 407 3866 Torrenius
416 3813 545 3864 observat
554 3843 589 3852 -
638 3809 759 3861 Evomur't.
783 3809 930 3900 Scriptores
955 3810 998 3862 alii
1025 3829 1148 3880 narrant,

78 3893 221 3948 Prosomul.
240 3893 334 3959 Quia'
327 3913 355 3945 m
373 3903 525 3963 sequentem
546 3909 592 3940 au·
637 3887 737 3940 Sullam
752 3889 861 3960 periisse
874 3889 1004 3960 φθιιριάαιι
1019 3909 1065 3944 seu
1080 3913 1150 3946 mor-

76 3991 137 4027 nurn
148 3973 393 4046 postconsulatum
406 3969 592 4042 illiprovincia
637 3969 673 4020 bo
685 3967 844 4038 pedicularr
854 3987 885 4020 ex
897 3970 991 4021 oborto
1002 3971 1099 4024 ulcere
1109 4005 1148 4014 —

77 4052 158 4107 luerat
179 4065 341 4126 prorogata,
363 4065 393 4104 ut
410 4049 572 4122 proconsul'
565 4068 591 4100 m
677 4053 703 4098 6.
718 4047 868 4116 Impotentr'a.
887 4048 975 4100 Animi
991 4041 1149 4105 effrenatio·¹
1203 4117 1207 4124 ι

74 4135 214 4188 rabellum
228 4144 338 4204 gereret.
347 4163 386 4174 -
397 4131 490 4183 Totam.
498 4129 593 4200 Hispa·
638 4144 681 4191 ne,
695 4124 839 4178 iracundia.
