3108 5136
379 442 452 512 208
567 442 834 512 PRAEFATIO
860 444 1032 514 STEPH.
1062 445 1248 514 PlGHlI.

377 588 546 674 auctorem
570 574 796 670 protulerunt,
817 574 852 643 id
874 576 964 669 quod
989 601 1030 645 ex
1056 576 1155 669 hujus
1178 576 1353 671 fragmenti
1376 575 1434 646 line

379 696 502 750 temere
521 679 763 776 deprompsisse
780 679 945 750 videntur.
963 683 1052 752 Nam
1067 681 1101 750 id
1119 685 1228 776 ipsum
1248 682 1434 777 praefatiun-

379 784 461 856 culae
481 786 689 856 librariorum
710 786 833 882 judicio
852 787 1070 858 diversimode
1090 788 1240 859 confictae
1262 787 1368 884 palam
1386 789 1433 856 f-

380 894 473 962 ciunt
493 907 561 964 tam
583 895 654 988 ipso
678 893 772 982 stilo,
794 919 895 988 quam
919 893 1008 988 quod
1030 893 1184 983 alterius,
1206 909 1244 964 ut
1266 921 1326 964 suo
1344 893 1436 964 modo

381 996 580 1092 loquuntur,
598 999 835 1070 abbreviatoris
854 1002 1055 1070 mentionem
1076 1002 1230 1070 afferunt
1250 1003 1315 1070 Eas
1334 1015 1436 1070 autem

380 1104 463 1174 duas
485 1105 519 1172 in
545 1106 660 1200 primis
679 1105 922 1201 discrepantes,
944 1131 1022 1176 mox
1047 1131 1124 1176 cum
1145 1107 1262 1176 eodem
1285 1090 1437 1202 epitomes

381 1209 568 1304 fragmento
587 1212 839 1306 subjungemus3
859 1215 1010 1307 quamvis
1030 1211 1117 1282 clare
1134 1211 1272 1308 liqueat,
1290 1238 1358 1282 non
1372 1237 1437 1282 esse

381 1316 504 1386 Valerii
530 1319 682 1404 Maximi,
706 1333 741 1388 et
766 1318 836 1411 ejus
861 1333 978 1388 auctor
999 1343 1099 1388 verus
1117 1319 1226 1388 adhuc
1247 1320 1280 1387 in
1303 1319 1437 1389 obscuro

382 1421 490 1492 lateat.
510 1423 665 1492 Attamen
686 1425 763 1518 quia
788 1426 875 1520 sapit
894 1419 1121 1520 antiquitatem
1144 1451 1211 1494 non
1233 1425 1437 1513 ineruditam,

381 1543 414 1599 et
435 1527 636 1598 scholiorum
656 1527 730 1600 loco
751 1529 904 1600 studiosis
922 1531 1045 1601 servire
1066 1532 1189 1626 poterit
1205 1531 1248 1600 ad
1266 1529 1383 1626 lingua
1401 1555 1438 1600 ac

379 1635 524 1705 historiae
538 1659 683 1706 romanae
696 1637 934 1730 cognitionem,
953 1639 1099 1732 ritusque
1113 1652 1241 1707 veteres
1256 1637 1437 1725 discendos,

379 1742 415 1810 id
434 1743 542 1836 ipsum
563 1741 774 1812 emendatum
796 1755 838 1811 cx
859 1743 924 1812 lide
943 1743 1178 1839 exemplarium
1199 1745 1437 1839 manuscripto-

382 1871 477 1933 rum,
504 1849 591 1916 sicut
615 1863 691 1917 ante
716 1847 849 1918 Valerio
877 1851 1025 1918 Maximo
1056 1850 1119 1918 fuit
1146 1874 1331 1939 annexum,
1356 1870 1438 1917 nunc

382 1951 489 2022 vistlm
509 1968 559 2022 est
578 1952 730 2022 Plautino
752 1968 867 2024 nostro
888 1947 982 2025 simul
1008 1981 1083 2024 cum
1106 1955 1222 2024 eodem
1246 1955 1332 2024 libro
1352 1981 1435 2025 recu·

311 2111 315 2122 .
383 2059 461 2128 dere
478 2074 512 2128 et
525 2058 702 2154 publicare.
713 2058 806 2128 Vale.
816 2061 948 2129 Vienna
966 2062 1121 2146 Austriae,
1139 2060 1247 2130 idibus
1261 2063 1436 2148 ianuariis,

381 2189 469 2234 anno
485 2163 597 2234 salutis
614 2179 735 2236 nostrae
751 2189 926 2236 mutxxrv.
