3108 5136
418 553 487 644 ¹94
599 545 820 618 vannum
848 549 1055 618 maxum
1084 495 1181 618 uin.
1210 546 1278 616 ix.

410 681 489 768 bus,
504 677 592 750 squs
607 679 740 765 restitit,
754 695 923 775 tamquam
937 680 1083 750 humeris
1098 684 1165 750 suis
1177 683 1278 750 totius
1290 683 1393 750 ruinae
1408 707 1474 750 mo

411 786 475 858 lem
506 803 767 873 sustentaturus;
791 787 848 855 sed
870 787 1019 882 pondero
1047 789 1138 857 omni
1164 812 1305 882 corpore
1330 787 1474 856 humano

410 897 598 989 potentiore
629 919 779 989 pressus,
810 894 924 962 imbris
949 885 1114 984 [causa]¹
1140 895 1275 989 petitam
1297 893 1474 980 latebram,

409 999 570 1070 dementis
588 1000 647 1070 sati
668 999 858 1094 sepuIcmm
881 998 1007 1069 habuit.
1033 1003 1176 1070 Possunt
1197 1001 1231 1069 hi
1249 1001 1397 1096 praebete
1417 1000 1473 1068 do-

408 1121 619 1192 cumentum,
640 1108 743 1176 nimio
770 1107 889 1176 robore
912 1107 1158 1196 membrorum,
1180 1109 1329 1202 vigorem
1358 1108 1473 1176 mentis

405 1213 603 1302 hebescere,
624 1215 717 1308 quasi
739 1213 904 1282 abnuente
932 1227 1049 1282 natura
1078 1215 1249 1307 utriusque
1273 1214 1352 1282 boni
1375 1211 1472 1307 Iargi·

406 1323 549 1408 tionem3
577 1344 619 1389 ne
646 1344 745 1414 supra
773 1318 947 1388 mortalem
968 1321 1012 1388 sit
1034 1317 1245 1408 felicitatem,
1265 1319 1417 1389 eumdem
1443 1335 1473 1386 ct

404 1425 665 1496 valentissimum
689 1451 777 1514 esse,
796 1439 829 1494 et
849 1427 1136 1520 sapientissimum.

712 1645 950 1736 CAPUT
996 1645 1157 1734 XIII.

661 1855 705 1917 De
717 1851 887 1940 cupiditate
900 1857 978 1917 vt'tae
992 1851 1216 1918 Romanorum.

424 2064 443 2095 1.
455 2049 487 2096 Μ.
501 2045 669 2106 Aquilti'tegnu
681 2045 816 2090 consuturis.
831 2069 861 2080 -
876 2045 1080 2093 a.Cn.Carbuu'1s
1094 2049 1141 2093 coi.
1156 2048 1178 2094 3.
1192 2071 1222 2084 -·
1234 2048 1255 2094 3.
1268 2049 1296 2094 C.
1314 2049 1379 2094 Iunii
1391 2049 1451 2094 Dmtr

893 2137 985 2183 procos.

658 2287 705 2350 De
715 2287 890 2376 cupiditate
901 2290 979 2352 vitre
994 2291 1231 2355 Extermina-

438 2498 457 2528 ι.
474 2481 556 2528 Xerxis
572 2481 693 2526 Persarum
710 2479 780 2540 regis.
796 2503 824 2514 -
841 2493 862 2525 a.
877 2481 1006 2526 Masinissae
1022 2482 1137 2528 Numidia
1154 2484 1223 2545 ragis.
1233 2509 1264 2520 -
1274 2485 1298 2532 3.
1316 2486 1440 2532 Atemdrfi
1523 2514 1528 2524 .

618 2558 765 2606 rhaeorum
778 2559 848 2619 regit.
860 2583 891 2592 -
902 2565 924 2612 6.
936 2560 1044 2620 Dionysii
1056 2559 1140 2608 stettin
1152 2565 1251 2622 tymni.

557 2735 608 2791 DE
629 2735 878 2835 cumulatus
900 2738 1007 2790 VITAE
1026 2738 1307 2794 ROMANORUM.

459 2930 586 2997 Verum
610 2927 686 3020 quia
713 2947 864 2994 excessus
889 2951 907 2994 e
932 2927 999 2994 vita
1024 2942 1057 2996 et
1086 2927 1260 3020 fortuitos,
1285 2947 1319 3000 et
1342 2933 1471 3016 viriles,
1541 2939 1542 2958 ¹

405 3033 567 3130 quosdam
581 3033 679 3102 etiam
696 3032 888 3101 temerarios
898 3035 1049 3102 oratione
1060 3036 1246 3130 attigimus,
1262 3037 1472 3131 subjiciamus

406 3165 497 3211 nunc
515 3139 722 3208 aestimationi
740 3161 877 3206 enerves
895 3152 929 3206 et
946 3137 1175 3221 effeminatos,
1192 3157 1228 3210 ut
1246 3145 1313 3238 ipsa
1335 3169 1471 3242 compa-

407 3249 533 3315 ratione
552 3257 679 3340 pateat‚
702 3259 827 3336 quanto
851 3244 1045 3315 nouaclum
1067 3247 1194 3333 sortior,
1217 3249 1273 3318 sed
1295 3252 1398 3320 etiam
1420 3277 1472 3322 sa-

406 3351 682 3446 pientior'mortis
700 3348 901 3438 interdum²,
918 3375 1017 3445 quam
1036 3355 1128 3440 vite,
1150 3355 1191 3424 sit
1208 3357 1382 3450 cupiditas.

405 3572 470 3630 gunt
482 3557 623 3612 vitantibus,
635 3559 741 3625 egresso,
756 3557 802 3609 ubi
815 3562 914 3626 egressis
958 3559 1032 3614 MSS.
1047 3563 1140 3624 imbris,
1154 3563 1226 3635 quod
1238 3565 1360 3637 Kappius
1370 3585 1424 3638 pro
1435 3573 1475 3619 rie·

405 3657 437 3692 ex
451 3639 533 3709 glossa
547 3649 652 3700 ortum,
667 3636 706 3688 uti
717 3637 772 3707 jam
784 3635 850 3688 vidit
865 3637 914 3690 Pe·
958 3639 1038 3692 oribus
1053 3639 1155 3695 dictum
1171 3645 1315 3710 existimat,
1331 3647 1405 3700 sicut
1417 3667 1475 3718 poe-

404 3717 530 3771 ritonius.
543 3715 688 3768 Torrenius
701 3713 751 3768 sibi
765 3715 915 3787 persuadet,
956 3723 1028 3771 'matis
1048 3740 1098 3792 pro
1115 3725 1269 3794 [matitia.
1285 3725 1379 3791 Quare
1403 3747 1475 3779 cansa

404 3811 547 3870 utrumque
555 3815 570 3848 a
578 3795 687 3848 Valerio
693 3795 841 3866 proiectum
850 3805 914 3864 esse,
958 3799 1032 3852 uncis
1041 3800 1170 3855 inclutum
1180 3817 1272 3856 est.-
1281 3805 1475 3875 Dpnentirsatt

403 3877 477 3951 qnod
499 3877 588 3948 Kapp.
611 3874 685 3927 nullo
706 3873 788 3928 modo
808 3875 914 3930 credere
957 3877 1052 3933 Mortis
1070 3893 1117 3954 per
1129 3881 1288 3936 dementiam
1299 3881 1394 3940 initae:
1411 3907 1477 3940 nun·

326 3973 328 3980 ’
401 3966 497 4032 potest.
957 3977 1035 4031 qnam
1051 3960 1122 4014 aliud
1138 3965 1244 4016 sortitus
1257 3977 1297 4016 est
1309 3967 1477 4037 sepulcrum.

445 4057 469 4092 r.
482 4035 572 4091 Intra
582 4053 662 4088 causa.
679 4033 723 4089 sic
736 4033 842 4106 Pighius
856 4037 912 4089 aiii·
999 4061 1023 4093 a.
1034 4041 1163 4097 Interdum.
1171 4045 1251 4096 Recte
1260 4042 1335 4097 addit
1343 4048 1478 4100 Interdum.

398 4136 461 4192 que.
472 4115 559 4171 lidus
570 4115 693 4178 imbribus,
712 4113 740 4168 td
757 4129 810 4180 est,
827 4133 909 4187 quum
956 4118 1016 4172 Non
1033 4123 1103 4173 euim
1115 4141 1218 4194 semper
1228 4123 1321 4177 mortis
1335 4127 1477 4198 cupiditas

399 4199 487 4251 mitres
498 4209 596 4261 esseut,
609 4196 707 4248 omisso
719 4215 801 4249 causa.
817 4195 909 4249 Plures
954 4199 1044 4264 sortis,
1058 4221 1106 4254 uec
1118 4203 1193 4268 vitto,
1206 4206 1308 4257 enervis
1322 4208 1412 4261 animi
1423 4221 1478 4262 est:
