3152 5134
378 493 425 566 38
552 494 772 563 VALERII
801 485 1006 561 MAXIMI
1035 491 1130 562 LIll.
1167 491 1255 561 Vll.

376 629 448 721 gius
468 627 664 713 haberetur,
678 627 883 720 comitiisque
902 627 1063 720 praetoriis
1083 625 1276 694 candidatus
1294 627 1329 694 in
1346 651 1434 696 cam·

376 757 455 826 pum
480 735 518 801 L.
544 731 656 802 Paullo
678 757 759 812 avo,
777 747 810 801 et
834 735 869 802 P.
898 731 1054 801 Africano
1077 731 1241 802 avunculo
1263 733 1358 801 nixus
1379 733 1435 802 de-

377 838 568 927 scendisset,
586 837 716 933 repulsa
737 838 812 908 inde
833 853 967 908 notatus
985 838 1106 923 abiret,
1125 861 1202 906 nam
1223 851 1262 906 ut
1282 839 1434 932 privatim

376 969 506 1039 semper
524 946 757 1014 continentiam
774 945 977 1039 probabant,
990 947 1035 1014 ita
1052 942 1182 1039 publice
1197 946 1338 1014 maxima
1356 971 1435 1015 cura

377 1049 557 1144 splendoris
578 1051 693 1119 habita
714 1066 771 1120 est.
794 1052 961 1140 Quocirca
982 1049 1079 1120 urbs¹
1093 1075 1161 1119 non
1183 1053 1278 1121 unius
1294 1055 1436 1121 convivii

376 1179 571 1242 numerum,
586 1155 643 1224 sed
658 1171 762 1225 totam
775 1178 811 1224 se
826 1159 860 1223 in
875 1156 936 1225 illis
950 1154 1109 1251 pelliculis
1121 1157 1260 1249 jacuisse
1277 1157 1435 1244 credens,

376 1260 530 1330 ruborem
552 1261 640 1355 epuli
662 1261 826 1356 suffragiis
848 1265 914 1330 suis
934 1261 1122 1331 vindicavit.

430 1419 462 1462 a.
482 1397 517 1461 P.
541 1408 651 1462 autem
677 1395 786 1488 Scipio
807 1395 925 1464 Nasica
936 1391 959 1480 ¹,
981 1409 1101 1490 togatae
1122 1397 1275 1489 potentiae
1299 1395 1435 1466 clarissi-

376 1525 468 1567 mum
489 1497 622 1584 lumen,
643 1501 670 1566 is
692 1501 748 1592 qui
769 1499 883 1568 consul
901 1499 1072 1593 Jugurthae
1090 1500 1210 1569 bellum
1231 1502 1364 1588 indixit;
1379 1505 1436 1596 qui

377 1607 519 1674 Matrem
539 1590 710 1672 ldaeam³a
727 1605 874 1699 phrygiis
891 1605 1021 1674 sedibus
1036 1605 1077 1672 ad
1093 1621 1221 1675 nostras
1238 1631 1311 1677 aras
1329 1606 1435 1677 focos-

376 1734 439 1803 que
461 1711 656 1804 migrantem
679 1712 888 1780 sanctissimis
906 1711 1057 1779 manibus
1079 1714 1225 1806 excepit;
1240 1716 1297 1807 qui
1314 1711 1437 1784 multas

376 1828 409 1884 et
427 1816 596 1911 pestiferas
611 1809 785 1886 seditiones
800 1819 1003 1886 auctoritatis
1017 1841 1083 1886 suae
1101 1819 1219 1887 robore
1233 1809 1436 1914 oppressit⁴;

352 1915 355 1919 ’
376 1945 443 2014 quo
454 1923 603 2017 principe
616 1938 747 1992 senatus
760 1949 820 2018 per
832 1922 955 2018 aliquot
967 1947 1070 1993 annos
1085 1922 1241 2018 gloriaris
1253 1939 1319 1995 est:
1332 1949 1435 2020 quum

375 2027 559 2096 aedilitatem
578 2029 724 2098 curulem
746 2029 934 2100 adolescens
952 2043 1094 2124 peteret,
1108 2055 1308 2126 manumque
1326 2033 1436 2126 cujus-

375 2134 450 2204 dam
469 2137 591 2204 rustico
612 2159 711 2230 opere
729 2135 898 2224 duratam,
911 2159 1004 2204 more
1019 2136 1269 2206 candidatorum
1286 2140 1437 2207 tenacius

375 2241 656 2336 apprehendisset,
668 2241 734 2334 joci
748 2243 852 2335 gratia
863 2243 1265 2337 interrogaviteum‚num
1279 2243 1438 2314 manebus

374 2349 493 2416 solitus
515 2363 606 2415 esset
625 2347 829 2416 arnhalare?
847 2349 936 2442 quod
958 2348 1081 2418 dicmm
1104 2373 1124 2416 a
1147 2351 1438 2420 circumstantibus

375 2467 566 2547 exceptum,
579 2453 621 2520 ad
642 2453 801 2547 populum
819 2456 981 2542 manavit,
995 2479 1193 2550 causamque
1207 2455 1344 2551 repulsae
1362 2459 1437 2526 Sci·

374 2560 463 2652 pioni
485 2557 613 2645 attulit;
630 2584 743 2628 omnes
761 2585 903 2654 namque
922 2564 1050 2630 rusticae
1069 2548 1192 2630 tribus⁵
1206 2577 1435 2658 paupertatem

417 2803 441 2838 1.
464 2783 534 2836 Urbs.
550 2778 631 2834 hldus
649 2781 704 2832 urbs
718 2793 807 2833 msera.
822 2777 881 2834 Jam
925 2777 1011 2849 cepit,
1023 2778 1074 2832 fnit
1083 2792 1159 2850 pater
1176 2780 1273 2833 Cereali
1279 2821 1286 2848 ,
1296 2781 1441 2852 Serapionis

375 2877 455 2920 nostra
468 2881 536 2934 saepe
548 2859 655 2932 quidem
670 2858 761 2930 adjicit
771 2861 865 2914 Noster
873 2880 881 2926 ;
925 2875 1004 2922 avus,
1019 2877 1089 2910 anno
1102 2859 1177 2914 urbis
1193 2863 1259 2927 562,
1272 2879 1324 2916 cos.
1333 2861 1441 2916 Nasica

373 2945 419 3000 sed
437 2946 482 2998 hic
500 2956 588 2995 tamen
608 2960 640 2994 eo
659 2939 727 2992 nihil
748 2958 816 3011 opus
833 2952 881 2994 est.
924 2949 1038 3007 quatuor
1045 2941 1244 3010 siesequuntur:
1255 2941 1287 2994 P.
1294 2937 1376 3012 &pio
1383 2943 1442 2995 Να-

373 3025 448 3098 Pigh.
469 3025 537 3077 sicut
551 3019 628 3074 initio
640 3020 728 3092 operis
743 3020 811 3072 ferre
826 3039 880 3072 non
923 3021 988 3081 sica,
1001 3022 1042 3070 vir
1053 3023 1167 3088 optimus,
1182 3038 1235 3072 cos.
1248 3020 1361 3072 562...
1372 3019 1439 3073 Cor-

372 3105 460 3177 potuit
471 3103 534 3156 ardis
546 3103 648 3166 Romae,
659 3117 762 3171 proque
776 3117 807 3152 eo
818 3099 881 3152 sub·
924 3097 1015 3157 culum.
1031 3117 1084 3154 cos.
1103 3098 1173 3166 591,
1187 3111 1213 3150 et
1231 3097 1296 3167 598.
1308 3132 1350 3142 --
1363 3099 1440 3153 Sem·

373 3185 457 3237 stituit
477 3181 562 3252 populi
583 3183 676 3232 romani
685 3219 693 3244 ,
717 3190 744 3230 et
766 3178 811 3231 hic
829 3197 881 3250 pro
920 3177 1392 3250 poa,001.615.-P.Setp.lvas.
1408 3181 1439 3233 in

373 3261 428 3316 arba
437 3262 526 3333 perurit
537 3265 627 3312 civitas.
639 3257 691 3312 sed
701 3270 792 3310 nostra
802 3258 881 3312 lectio
923 3259 1076 3322 consulatu,
1089 3261 1291 3320 diminortuus.
1300 3290 1341 3300 -
1348 3261 1374 3312 ls
1383 3264 1440 3332 qui.

371 3339 556 3412 antiquissimis
570 3337 648 3391 codd.
663 3337 766 3390 nititur.
923 3333 973 3387 Ed.
992 3350 1045 3392 vet.
1068 3356 1130 3389 cum
1144 3337 1266 3392 amitibus
1282 3338 1337 3391 lere
1356 3339 1440 3392 MSS.

415 3441 441 3474 2.
461 3421 561 3473 Nasica.
575 3419 626 3470 Au.
640 3419 675 3470 U.
689 3421 755 3480 64².
777 3417 833 3470 Cic.
851 3417 880 3468 in
923 3413 1195 3470 Torreniiisomittit.
1324 3412 1326 3423 ’

372 3501 470 3564 Bruto,
488 3501 539 3562 343
559 3497 662 3550 Sallust.
682 3496 808 3568 tuguria.
827 3514 880 3564 ²7³
964 3497 990 3549 3.
1004 3499 1109 3550 Matrem
1123 3494 1306 3550 Maamleid.
1321 3515 1373 3550 seo.
1387 3498 1443 3550 ha-

371 3599 443 3650 supr.
472 3580 501 3644 1,
530 3596 560 3642 1,
587 3596 611 3630 1.
638 3577 717 3628 Errat
741 3576 793 3628 hoc
820 3577 879 3628 loco
922 3575 1085 3632 mirram
1104 3577 1311 3630 deamlloceet
1330 3595 1392 3646 quae
1411 3591 1444 3631 et

371 3659 510 3724 Valerius,
525 3654 668 3709 tribuendo
681 3659 723 3707 ruri
737 3655 807 3727 Scip.
825 3655 879 3709 Νι·
923 3654 1006 3708 Mater
1017 3676 1106 3726 magna
1123 3668 1150 3709 et
1166 3656 1255 3728 Cybele
1268 3655 1443 3712 nominatur.

370 3739 441 3800 sice,
461 3736 534 3809 quod
548 3747 650 3808 quatuor
667 3735 784 3788 tribuere
802 3732 878 3788 debe·
922 3731 986 3787 vid.
1000 3737 1031 3801 1,
1049 3755 1078 3800 r,
1098 3753 1123 3788 r.
1139 3765 1178 3778 --
1200 3737 1227 3788 E
1238 3737 1347 3808 pterygiis
1364 3737 1444 3789 sedi.

369 3820 422 3871 bet.
440 3821 465 3871 Is
482 3818 570 3878 euim,
590 3815 637 3886 qui
654 3833 707 3868 cos.
722 3814 875 3886 iugurthae,
922 3812 972 3866 bus.
983 3813 1099 3880 Quidam
1111 3835 1124 3866 e
1131 3816 1255 3886 phrigias.
1269 3815 1446 3886 Intelligitur

370 3917 439 3950 auno
460 3895 534 3949 urbis
556 3899 630 3959 642,
648 3894 749 3948 bellum
766 3893 877 3957 indixit,
921 3905 1010 3946 autem
1024 3895 1234 3960 Pessinns‚urbs
1248 3894 1384 3965 Phrygio.

369 3979 419 4031 luit
446 3977 515 4030 filius
542 3974 687 4045 Seupionb.
715 3973 807 4035 Alter,
831 3973 877 4044 qui
962 3980 988 4038 4.
1005 3975 1137 4046 Oppressit.
1149 3976 1199 4026 An.
1210 3975 1246 4026 U.
1261 3975 1444 4030 coactam.

370 4057 482 4111 Matrem
495 4053 593 4108 Idaeam
607 4074 622 4106 e
635 4053 755 4126 phrygiis
772 4051 878 4107 sedibus
920 4073 970 4124 pro
985 4054 1072 4108 Plane.
1087 4073 1133 4106 ar.

370 4135 478 4190 Romam
493 4139 666 4206 migrantem,
680 4152 758 4186 manu
772 4153 818 4186 sua
833 4153 876 4186 ex·
963 4134 987 4187 5.
1008 4135 1102 4186 Tribus.
1123 4133 1208 4186 Tribus
1222 4131 1353 4187 distincte
1369 4145 1446 4188 curat
