3152 5134
381 458 429 544 48
556 453 780 522 VALERII
812 451 1017 520 ΜΑΧΙΜΙ
1045 451 1139 518 LIB.
1167 449 1259 516 VII.

380 585 476 659 titulo
491 585 627 654 feritatis
642 585 817 679 superavit.
830 585 917 652 Nam
931 605 1003 676 quae
1015 579 1076 650 illis
1091 577 1199 648 dulcia
1212 580 1289 648 vitae
1303 579 1439 672 pignora

354 751 357 762 ,
379 693 516 788 proprio
543 693 661 786 spiritu
687 691 813 760 cariora
839 703 934 776 sunt,
956 711 995 757 ea
1021 685 1279 780 Calagurritanis
1305 684 1440 779 prandia

374 814 478 894 atque
500 822 601 868 coenae
622 798 823 866 exstiterunt.

727 1011 960 1130 CAPUT
991 1010 1104 1096 vn.

669 1217 725 1283 De
746 1219 955 1282 testamentis
974 1209 1151 1281 rescusa'r'.

384 1403 404 1433 ι.
416 1387 489 1433 Patris
501 1386 542 1447 qni
554 1385 628 1431 lilium
642 1383 828 1430 exheredaverat.
839 1409 871 1418 -
882 1397 905 1430 a.
917 1381 951 1428 M.
963 1382 1046 1428 naneti
1057 1379 1197 1428 Carseolani.
1209 1407 1239 1416 -
1251 1379 1275 1428 3.
1286 1379 1313 1426 C.
1324 1379 1404 1426 Tettii.
1414 1405 1442 1416 -=
1551 1369 1552 1378 ¹

411 1475 435 1522 t.
445 1466 553 1528 Septicia
567 1464 733 1510 Trachalorum
743 1463 830 1509 matria.
842 1489 873 1498 -
884 1462 907 1510 5.
917 1462 1019 1509 Terentii
1029 1461 1156 1522 cujusdam.
1168 1485 1197 1496 -
1208 1459 1231 1507 6.
1248 1461 1354 1508 natant
1365 1462 1442 1522 eujus·
1551 1455 1552 1474 ¹

412 1545 473 1592 dam.
485 1570 516 1578 -
529 1559 552 1603 7.
562 1543 665 1588 Iuventii
676 1540 802 1602 cujusdam.

435 1708 602 1773 Vacemus
620 1727 708 1770 nunc
724 1702 875 1797 negotio,
887 1699 977 1794 quod
994 1715 1144 1780 actorum
1160 1701 1301 1770 hominis
1312 1714 1351 1798 et
1367 1724 1444 1795 prae

379 1812 488 1906 -cipuae
504 1835 607 1897 curae,
621 1823 654 1877 et
668 1807 774 1876 ultimi
791 1821 840 1875 est
854 1808 1033 1900 temporis:
1051 1805 1359 1901 consideremusque
1373 1831 1444 1902 quae

385 1929 579 1986 testamenta
607 1928 664 1982 aut
691 1915 828 1982 rescissa
849 1927 926 1982 sunt
947 1910 1089 2006 legitime
1112 1912 1222 1996 lacta;
1245 1926 1321 1998 aut,
1343 1908 1465 2006 quum‘

384 2024 502 2094 merito
520 2019 660 2090 rescindi
677 2033 826 2114 possent,
845 2032 915 2087 rata
935 2033 1148 2088 manserunt:
1167 2042 1280 2112 quaeve
1302 2018 1345 2086 ad
1365 2018 1445 2088 alios

380 2154 483 2223 quam
505 2128 562 2220 qui
583 2124 838 2219 exspectabant,
855 2122 1038 2194 honorem’
1056 2124 1245 2194 hereditatis
1266 2123 1445 2194 transtule-

385 2248 471 2301 runt.

446 2363 473 2406 1.
497 2339 605 2432 Atque
622 2337 683 2405 ista
705 2350 743 2404 ut
762 2335 895 2423 ordine,
914 2361 981 2430 quo
999 2338 1174 2431 proposui,
1192 2359 1366 2430 exsequar,
1389 2337 1446 2404 rni-

386 2443 509 2513 litantis
532 2441 701 2536 cujusdam
731 2456 825 2536 pater
840 2428 863 2530 ³,
885 2466 987 2535 quum
1009 2441 1051 2511 de
1071 2456 1178 2512 morte
1205 2442 1262 2510 lilii
1286 2440 1407 2511 falsum
1429 2467 1447 2509 e

385 2550 502 2620 castris
523 2550 675 2616 nuntium
693 2550 885 2643 accepisset,
904 2545 975 2617 aliis
991 2548 1167 2618 heredibus
1186 2548 1315 2642 scriptis
1336 2547 1446 2618 deces-

389 2657 438 2724 sit.
462 2656 606 2742 Peractis
628 2653 745 2722 deinde
767 2641 966 2748 stipendiis⁴,
984 2652 1172 2724 adolescens
1193 2679 1368 2741 reversus,
1390 2654 1446 2723 do·

387 2785 480 2830 mum
495 2784 606 2828 errore
620 2761 740 2853 patris,
750 2759 1016 2854 impudentiaque
1028 2762 1210 2830 amicorum
1226 2759 1286 2829 sihi
1302 2759 1447 2829 clausam

385 2869 517 2962 reperit
530 2865 621 2954 Quid
636 2867 723 2934 enim
738 2864 800 2934 illis
814 2864 1087 2936 inverecundius?
1099 2865 1214 2936 florem
1227 2866 1374 2960 juventae
1387 2891 1447 2962 pro

434 3087 459 3122 r.
471 3069 591 3120 descissis.
602 3067 659 3119 lloc
672 3079 751 3138 capnt
760 3065 898 3118 illustravit
941 3063 974 3118 ad
989 3066 1050 3118 lam.
1063 3067 1107 3132 11,
1124 3085 1147 3119 1.
1160 3067 1335 3126 -lteoersus,
1353 3065 1448 3118 domum

391 3147 570 3216 Schultingius
591 3145 776 3198 exercitatione
800 3163 846 3198 sua
870 3144 899 3196 de
940 3165 1018 3197 errare
1041 3150 1165 3216 putris...
1193 3151 1286 3217 ruperit.
1311 3145 1343 3198 ln
1369 3142 1450 3198 MSS.

392 3239 446 3278 rest.
462 3228 576 3289 rescissis,
589 3243 669 3294 quarn
681 3237 776 3276 nostras
788 3223 898 3276 editioni
940 3236 967 3277 et
990 3223 1150 3279 editionibus
1167 3238 1231 3278 vett.
1252 3224 1363 3294 legitur,
1387 3224 1450 3276 ado-
1551 3255 1552 3258 =

393 3305 560 3356 inseruimus.
941 3304 1026 3356 lascens
1041 3305 1134 3356 domm
1146 3309 1210 3376 petit
1231 3295 1290 3372 (vel
1300 3301 1403 3375 pertin)
1415 3323 1451 3355 er·

438 3378 898 3435 a.Honorem.Sicutexheredatiosae-
941 3402 993 3436 rurs
1008 3388 1086 3454 putris
1104 3384 1306 3456 impmdentr'aque
1320 3388 1452 3438 amicorum

394 3461 455 3532 pius
468 3460 640 3525 contumelia,
655 3460 820 3512 contumelia
832 3459 900 3514 ludi·
940 3463 1033 3528 domrqn
1047 3464 1094 3515 sibi
1108 3465 1212 3516 clausurn
1231 3468 1326 3536 ruperit.
1346 3465 1452 3516 Domwrr

395 3540 483 3592 larium
505 3540 612 3610 injuria;
631 3539 668 3592 sie
682 3537 812 3592 hereditas
826 3540 901 3592 honor
940 3542 969 3594 in
980 3544 1102 3596 omnibus
1111 3545 1275 3615 geminatur,
1288 3542 1336 3598 scd
1350 3545 1380 3596 iu
1395 3543 1455 3614 qui·

393 3619 554 3671 nominatur.
941 3620 1050 3674 busdam
1059 3623 1155 3676 iterum
1162 3637 1222 3696 post
1226 3624 1453 3696 petiacollocatur.

438 3698 464 3750 3.
478 3699 561 3750 Pater.
570 3696 635 3750 Vid.
646 3696 741 3751 Clade
752 3697 799 3750 Or.
812 3699 838 3763 1,
853 3700 897 3752 38.
942 3700 1069 3755 Nonnulli
1083 3705 1254 3775 imprudentia,
1274 3701 1319 3756 red
1339 3704 1455 3756 omnino

438 3776 900 3848 d.Stlpendiis.Expletomilitiaetem·
940 3781 1016 3832 male.
1026 3783 1198 3852 Impudentiam
1207 3783 1315 3856 respicit
1323 3781 1401 3854 quod
1413 3801 1455 3835 se-
1551 3805 1552 3810 ¹

396 3874 461 3926 pore
473 3858 506 3910 ab
517 3875 586 3908 anno
601 3853 741 3921 xvl1,ad
755 3857 845 3908 XLVI
855 3876 899 3910 us·
940 3861 1044 3929 quitur,
1053 3863 1180 3934 quidenna
1191 3865 1240 3916 r'llr's
1253 3863 1456 3914 mnmwrdim?

396 3935 668 4007 que—Adolescens.
683 3933 769 3986 Etiam
783 3947 896 4006 portan-
941 3958 1043 3992 reversus
1065 3961 1194 4013 nmquam
1215 3956 1347 4014 apparet,
1372 3960 1458 4014 quare

395 4033 459 4068 num
473 4014 634 4085 trigesimum
652 4011 807 4066 adolescentes
820 4034 896 4070 voca-
940 4019 1071 4074 Torrenio
1083 4034 1110 4073 et
1123 4022 1230 4093 Kappio
1244 4021 1410 4093 ejiciendum
1420 4021 1459 4074 vi·

395 4105 434 4144 tos
450 4091 564 4146 ostendit
578 4094 678 4146 Manut.
694 4085 728 4145 ad
744 4094 798 4146 Cic.
813 4093 895 4165 Epist.
940 4095 1025 4152 detur.
