3152 5134
370 533 412 612 ss
547 508 773 579 VALERII
800 507 999 575 ΜΑΧΙΜΙ
1027 507 1122 575 LIB.
1152 505 1240 574 Vll.

364 641 550 735 gientibus,
564 641 804 733 interrogatus,
825 636 912 730 quid
925 641 976 704 ita
997 637 1084 706 nz'kil
1102 659 1149 706 est
1167 636 1264 705 horus
1282 641 1352 706 suis
1369 663 1426 707 se-

363 748 582 838 cumserret:
597 749 677 840 Ego
694 769 793 829 vero,
813 743 937 838 inquit,
959 742 1050 812 bona
1069 767 1147 810 mea
1164 767 1293 812 mecum
1306 759 1423 839 porto.

363 854 502 923 Pectore
518 855 604 922 enim
618 850 673 920 illa
689 848 857 945 gestabat,
877 873 945 918 non
963 849 1108 918 humeris
1123 874 1132 934 3
1153 847 1231 918 nec¹
1250 849 1354 918 oculis
1373 852 1424 918 vi-

365 957 481 1045 senda,
494 958 551 1028 sed
565 955 755 1028 aestimanda
769 955 880 1024 animo
895 980 902 1022 :
916 979 989 1048 quae
1006 953 1170 1024 domicilio
1188 957 1307 1024 mentis
1321 953 1425 1024 inclu-

365 1089 479 1152 sa,nec
491 1062 757 1150 mortalium,nec
768 1060 907 1130 deorum
918 1062 1070 1130 menibus
1085 1059 1273 1130 labefactari
1284 1075 1425 1154 queunt,

364 1183 398 1238 et
410 1185 448 1238 ut
464 1168 671 1238 manentibus
685 1181 806 1263 praesto
822 1180 915 1252 sunt,
933 1167 979 1235 ita
997 1166 1159 1262 firgientes
1174 1192 1241 1236 non
1260 1166 1423 1236 deserunt.

417 1278 451 1360 4.
470 1277 544 1343 Jam
561 1272 723 1360 Platonis,
740 1273 850 1344 verbis
866 1271 1039 1360 adstricta,
1056 1272 1113 1341 scd
1129 1297 1227 1342 sensu
1244 1271 1425 1368 praevalens

364 1378 558 1466 sententia²3
578 1381 634 1472 qui
653 1395 723 1448 tum
741 1379 874 1448 demum
893 1378 1029 1448 beatum
1050 1394 1216 1448 terrarum
1233 1379 1425 1469 orbemfu·

364 1501 473 1555 turum
488 1484 690 1580 predicavit,
722 1509 799 1554 utun
813 1499 875 1554 αιιι
885 1489 1058 1580 sapientes
1071 1509 1234 1579 regnare,
1255 1501 1320 1554 aut
1329 1509 1426 1579 reges

363 1613 486 1687 sapere
505 1596 715 1686 coept'ssent.

420 1707 453 1780 5.
476 1711 548 1778 Rex
567 1711 664 1779 etiem
687 1707 742 1778 ille
764 1709 891 1778 subtilis
910 1698 1052 1803 judicii⁴,
1070 1709 1299 1804 quemfcrunt
1321 1709 1426 1779 tradi·

364 1829 435 1886 mm
457 1815 519 1885 sibi
541 1815 690 1890 diadema
708 1816 901 1909 priusquam
921 1817 1021 1910 capiti
1041 1817 1242 1911 imponeret,
1260 1829 1425 1885 retentum
1527 1823 1529 1828 ’

364 1920 420 1989 diu
438 1920 677 2008 considerasse,
691 1945 730 1990 ac
744 1921 882 1990 dixisse:
901 1951 917 1986 α
937 1925 968 1990 Ο
986 1921 1130 1992 nobilem
1144 1923 1249 2016 magis
1264 1945 1364 2017 quam
1378 1922 1425 1992 fe·

364 2024 458 2096 licem
482 2013 669 2124 pannum⁵l
693 2052 792 2121 quem
813 2029 840 2096 si
862 2028 935 2122 quis
957 2028 1087 2122 penitus
1109 2042 1304 2123 cognoscat,
1326 2051 1423 2122 quem

363 2132 473 2202 multis
492 2131 783 2216 sollicitudinibus,
803 2148 837 2201 et
856 2132 1031 2227 periculis,
1047 2149 1081 2203 et
1100 2135 1237 2203 miseriis
1260 2136 1302 2202 sit
1319 2133 1424 2204 refer·

364 2253 437 2325 tus,
455 2224 515 2306 ne⁶
530 2237 621 2307 humi
641 2238 772 2333 quidem
790 2239 958 2331 jacentem
972 2238 1085 2310 tollere
1103 2239 1212 2309 vellet.
1231 2269 1249 2305 s

418 2355 453 2426 6.
462 2356 567 2448 Quid,
576 2358 772 2426 Xenocratis
786 2381 978 2452 responsum
989 2412 998 2444 ,
1008 2383 1107 2452 quam
1122 2353 1310 2426 laudabile!
1323 2383 1424 2452 quum

365 2461 524 2532 maledico
540 2464 682 2532 sermoni
702 2463 921 2557 quorumdem
941 2489 1071 2532 summo
1086 2463 1214 2532 silentio
1234 2465 1425 2550 interesset,

366 2592 433 2638 uno
453 2593 494 2637 ex
513 2569 565 2638 his
585 2584 771 2663 quaerente,
789 2594 850 2638 cur
864 2571 958 2638 solus
975 2574 1027 2638 ita
1047 2571 1198 2664 irriguum
1215 2591 1314 2638 suam
1335 2569 1425 2638 codi-

365 2673 479 2744 beret:
495 2678 586 2768 Qru'a
601 2675 730 2744 disz'sse
743 2701 815 2762 me,
838 2677 960 2770 inquit,
975 2676 1164 2770 aliquando
1171 2680 1353 2784 paenituit,
1371 2692 1425 2744 ta·

365 2785 473 2849 crasse
490 2805 672 2875 nunqrtam.
1304 2803 1308 2810 '

407 2985 433 3020 s.
445 2967 503 3020 Nec.
515 2968 556 3020 lta
564 2968 677 3021 Torren.
685 2986 716 3020 ex
725 2967 789 3022 edit.
799 2969 871 3039 Mog.
916 2970 994 3040 prim.
1006 2989 1049 3020 nee
1060 2971 1125 3022 loni
1132 2973 1251 3040 jacerrten
1263 2968 1344 3020 tollere
1352 2969 1424 3028 uelit,

366 3059 392 3100 et
405 3044 496 3100 decem
509 3047 585 3100 MSS.
599 3045 692 3100 edidit.
708 3048 762 3101 Alii
776 3067 832 3102 non.
917 3048 988 3120 quod
1004 3048 1138 3102 Torrenio
1155 3068 1209 3100 non
1226 3047 1358 3118 displicet.
1374 3047 1426 3099 Nec

407 3145 434 3178 s.
447 3125 577 3180 Sententia.
587 3125 651 3180 vid.
665 3127 730 3180 Plat.
746 3147 787 3198 ep.
801 3127 872 3190 vn;
917 3147 1018 3200 expone
1033 3147 1081 3200 per
1093 3133 1164 3180 eriam
1176 3145 1238 3186 non,
1256 3139 1285 3178 ut
1299 3143 1361 3177 mox
1372 3137 1425 3178 ext.

367 3205 423 3260 Cic.
433 3205 466 3258 sd
476 3207 509 3272 Q.
519 3207 552 3258 fr.
560 3226 602 3277 ep.
610 3207 623 3258 l
631 3227 639 3271 ;
646 3207 739 3260 Boeth.
749 3205 783 3260 dc
792 3209 871 3262 Cous.
918 3215 932 3262 8
945 3245 953 3271 ‚
965 3227 1007 3260 nec
1020 3213 1135 3278 coacta.

365 3284 516 3355 philosoph.
529 3287 551 3337 I.
958 3308 984 3358 7.
1010 3288 1152 3340 Laudabile.
1170 3283 1234 3337 Vid.
1251 3283 1324 3336 Stob.
1347 3301 1425 3337 senti.

409 3365 434 3417 3.
453 3363 590 3434 Coepr'ssent.
607 3364 675 3429 Quss
695 3364 792 3429 verbs,
809 3377 874 3418 teste
916 3367 1025 3432 xxxt;
1037 3366 1170 3421 Plutarch.
1184 3361 1218 3417 dc
1230 3365 1301 3416 bons
1309 3361 1425 3416 valetud.

367 3442 533 3514 Capitolino,
545 3443 676 3497 Antonius
690 3443 790 3496 Philos.
806 3463 873 3497 sem·
917 3447 963 3518 qui
980 3445 1110 3500 Simonidi
1126 3446 1178 3498 hoc
1195 3443 1352 3496 attribuunt
1375 3444 1427 3496 Xe-

366 3522 512 3594 perinore
523 3523 626 3575 habuit.
729 3589 732 3596 ¹
917 3537 1037 3579 socrates
1047 3539 1135 3579 sutem
1150 3523 1254 3576 silentio
1267 3520 1425 3576 vitmadeo

408 3600 874 3673 s.Jadt0n'.Vid.Pmdenr.inSym·
916 3605 1009 3658 habuit
1032 3603 1197 3668 devinctam,
1221 3614 1251 3656 nt
1272 3601 1349 3655 sicuti
1370 3619 1428 3655 cer·

367 3680 452 3734 mach.
468 3681 498 3746 1,
515 3683 548 3749 ὅς
570 3681 643 3735 stols.
664 3701 741 3736 serm.
762 3681 873 3736 XLVII.
916 3698 955 3738 tss
970 3685 1082 3755 negotiis
1093 3685 1147 3738 suis
1157 3681 1298 3750 horas,ita
1309 3679 1427 3733 etsilen·

367 3760 483 3826 Quinam
497 3761 647 3827 rexfuerit,
663 3761 802 3816 incertum.
818 3763 874 3814 An·
917 3764 955 3816 tio
977 3763 1126 3834 assignaret.
1151 3763 1258 3816 «Mults
1277 3757 1426 3825 audienda,

366 3839 471 3910 tigonm
486 3840 593 3893 interim
605 3839 724 3894 diadema
738 3839 874 3914 §denedic-
917 3842 994 3906 dixit,
1000 3861 1084 3914 pauca
1092 3841 1216 3897 dicenda:
1226 3857 1427 3901 namosnnum,

367 3919 473 3984 titubat,
489 3931 520 3973 ot
532 3933 621 3973 namet
633 3919 758 3974 scobem.
917 3941 991 3976 aures
1007 3921 1072 3976 duas
1087 3923 1190 3975 homini
1202 3933 1325 3974 naturam
1337 3918 1426 3973 dedis·

409 3999 435 4054 5.
449 4001 569 4052 Pansam.
578 3999 713 4053 Candidum
720 4003 824 4068 fasciam
833 4021 875 4054 su·
916 4021 970 4056 se.»
986 4002 1173 4056 Malediceuti:
1190 4026 1201 4048 ι
1210 4001 1254 4052 Tu
1263 4000 1360 4071 lingue
1374 4011 1427 4052 tuss

369 4099 430 4150 pra,
447 4081 504 4144 Vl,
520 4100 553 4144 2,
567 4097 599 4149 7,
614 4092 690 4133 vocat
705 4079 794 4133 Valer.
917 4101 1006 4136 servus
1027 4101 1070 4145 es,
1092 4081 1143 4142 sit:
1158 4098 1207 4149 cgo
1228 4097 1292 4132 vero
1307 4097 1425 4133 mearum

410 4165 435 4213 6.
451 4161 490 4215 Ne
503 4162 526 4213 lr.
542 4160 634 4233 quiden
640 4163 664 4230 j.
681 4174 698 4213 t.
712 4162 791 4214 uellet.
802 4161 872 4216 lrled.
918 4163 1021 4216 aurium
1032 4161 1156 4216 dominus
1171 4177 1237 4212 sum.
1252 4185 1263 4206 ι
