3110 5134
306 481 413 550 CAP.
442 481 520 565 111,
548 481 619 546 DE
647 481 738 546 IRA
767 483 829 548 ET
857 482 1000 548 ODIO.
1116 479 1186 578 159

175 639 207 680 2.
220 611 333 701 Quam
345 612 524 681 vehemens
537 610 655 678 deinde
665 611 823 680 adversus
835 612 996 706 populum
1013 637 1185 684 romanum

126 716 342 788 Hamilcaris¹
373 713 502 787 odium!
528 731 673 811 quatuor
701 718 788 786 enim
818 717 950 811 puerilis
976 721 1079 788 aetatis
1105 719 1190 789 filios

125 827 271 912 intuens,
293 825 440 918 ejusdem
467 825 596 892 numeri
620 822 747 892 catulos
772 823 920 893 leoninos
945 827 979 892 in
1004 828 1186 919 perniciem

125 932 249 1048 imperii
263 933 369 1000 nostri
383 929 470 999 alere
484 955 519 999 se
534 928 753 1024 praedicabat:
768 929 870 1024 digna
882 932 1100 1018 nutrimenta,
1115 959 1187 1027 quae

124 1037 152 1104 in
168 1034 331 1106 exitium²
350 1038 464 1132 patriae
482 1061 565 1122 suae,
584 1050 623 1104 ut
640 1038 769 1122 evenit,
791 1034 1078 1106 converterentur!

171 1141 207 1213 3.
227 1145 259 1211 E
272 1143 392 1274 quibus
408 1141 574 1211 Hannibal
592 1157 721 1212 mature
735 1089 818 1211 adeo
834 1144 937 1238 patris
950 1146 1086 1238 vestigia
1105 1144 1186 1213 sub-

124 1265 281 1344 sequutus
293 1235 362 1317 est³
364 1263 421 1335 ,ut
436 1275 476 1318 eo
490 1250 670 1318 exercitum
686 1253 720 1318 in
730 1249 922 1343 Hispaniam
939 1250 1135 1342 trajectum,
1154 1267 1188 1320 et

124 1356 161 1424 ob
180 1355 217 1424 id
241 1355 467 1442 sacrificante,
491 1379 612 1424 novem
637 1380 801 1423 annorum
820 1371 918 1440 natu,
941 1355 1056 1424 altaria
1072 1371 1187 1427 tenens

120 1462 266 1552 juraret,
287 1486 342 1548 se,
364 1467 632 1558 quamprimum
646 1486 713 1556 per
726 1477 865 1530 (etatem
882 1468 1067 1556 potuc'sset,
1091 1487 1186 1532 urer-

123 1574 239 1638 uirium
252 1569 382 1638 hostem
393 1570 507 1665 popul
504 1575 519 1638 ι’
530 1591 665 1637 romam
662 1569 855 1704 futurum
869 1583 906 1636 ut
922 1570 1188 1662 pertinacissimis

124 1673 311 1766 precibus
303 1677 452 1745 instantis
477 1673 554 1743 belli
580 1660 831 1744 commilitium
859 1677 1066 1768 exprimeret.
1094 1675 1186 1744 Idem

124 1780 308 1876 significare
332 1783 493 1876 cupiens,
522 1796 647 1874 quanto
675 1783 762 1850 inter
791 1805 825 1850 se
853 1780 929 1850 odio
958 1782 1127 1877 Carthago
1155 1797 1188 1851 et

123 1887 229 1956 Roma
250 1887 463 1976 dissiderent,
487 1887 610 1958 inflicto
634 1889 669 1956 in
695 1902 816 1956 terram
841 1886 943 1980 pede,
964 1890 1186 1983 suscitatoque

124 1992 277 2086 pidvere,
293 2010 374 2064 tunc
387 1994 847 2088 intereasfhrefinemt
769 1993 847 2064 belle
845 1993 959 2080 dixit,
973 2019 1075 2088 qrucm
1084 1998 1187 2066 ulter-

124 2116 198 2170 utra
222 2100 339 2169 urbs'
324 2124 360 2170 m
376 2099 528 2196 habitum
543 2125 597 2196 pu
599 2102 695 2170 [wem
715 2116 803 2168 esset
821 2100 975 2168 reducta.

173 2210 207 2295 4.
231 2209 274 2274 In
295 2205 413 2301 puerili
435 2222 569 2302 pectore
590 2192 737 2276 tantum⁵
759 2207 808 2274 vis
830 2206 899 2275 odii
918 2208 1049 2302 potuit3
1075 2207 1188 2275 sedin

124 2311 276 2382 muliebri
295 2339 427 2408 quoque
446 2339 538 2432 aeque
558 2312 699 2382 multum
721 2297 853 2380 valuit⁶.
875 2315 1028 2406 Namque
1049 2315 1187 2382 Semira-

124 2421 182 2487 mis
199 2421 408 2513 Assyriorum
426 2421 555 2512 regina,
575 2444 677 2512 quum
700 2420 728 2486 ci
750 2421 836 2487 circa
853 2416 979 2488 cultum
1000 2421 1115 2513 capitis
1137 2423 1187 2488 sui

125 2540 293 2620 occupatae
314 2527 502 2595 nuntiatum
526 2540 630 2610 esset,
658 2522 860 2617 Babylonem
880 2523 1058 2611 defecisse,
1088 2525 1188 2595 altera

124 2646 214 2722 pane
228 2633 373 2702 crinium
384 2631 493 2700 adbuc
508 2628 614 2699 soluta
628 2633 779 2724 protinus
793 2630 833 2698 ad
849 2655 921 2699 eam
936 2632 1188 2725 expugnandam

124 2739 290 2806 cucurrit:
305 2762 367 2806 nec
381 2739 471 2832 prius
486 2736 639 2806 decorem
654 2734 848 2830 capillorum
864 2738 897 2804 in
910 2737 1075 2820 ordinem,
1089 2762 1189 2832 quam

122 2855 248 2912 tantam
280 2843 396 2912 urbem
427 2846 461 2912 in
490 2857 686 2938 potestatem
714 2867 829 2926 suam,
860 2843 1004 2938 redegit:
1033 2845 1188 2935 quocirca

123 2961 235 3016 statua
251 2949 318 3040 ejus
331 2948 498 3043 Babylone
516 2951 622 3042 posita
642 2964 691 3017 est
712 2947 767 3016 illo
785 2947 917 3030 babitu,
939 2973 1006 3041 quo
1026 2949 1066 3016 ad
1086 2948 1187 3017 ultio·

122 3077 202 3120 nem
224 3055 418 3149 exigendam
441 3053 606 3126 celeritate
627 3055 786 3149 praecipiti
807 3053 954 3122 tetendit.

166 3279 189 3313 r.
207 3261 309 3314 Odium.
326 3259 390 3312 vid.
404 3261 472 3332 Nep.
485 3261 512 3312 in
524 3259 572 3312 vit.
584 3259 635 3311 Hic
722 3258 748 3310 5.
763 3258 866 3309 Taunum
878 3264 924 3310 vu.
939 3259 1126 3332 Pigh.eta1ii‚
1142 3282 1189 3314 noa

122 3339 256 3394 Hamilcar
271 3341 323 3394 fuit
337 3339 492 3392 Hannibalis
505 3351 595 3409 pater,
610 3351 637 3391 et
681 3349 781 3389 tantum.
793 3337 871 3390 Male.
880 3339 982 3392 Vocula
991 3359 1088 3410 negans
1099 3342 1188 3394 locum

119 3432 174 3474 tres
187 3425 244 3492 ejus
256 3419 473 3481 obturantur,
488 3417 636 3470 Hasdrubal
681 3417 724 3470 bic
739 3435 794 3468 non
809 3417 897 3470 babet.

119 3513 146 3551 et
159 3500 278 3572 Sappho.
723 3500 749 3550 6.
767 3497 796 3548 V
793 3497 861 3548 aluit.
876 3497 1027 3551 Semiramis
1046 3513 1121 3552 antea
1140 3501 1191 3555 luit

162 3599 190 3632 a.
219 3581 341 3632 Exitium.
365 3577 433 3632 Nam
453 3578 565 3630 Romani
583 3595 637 3629 non
682 3575 818 3647 cujusdam
828 3577 1095 3632 Menonisuxor.Sed
1108 3599 1189 3651 quum

116 3657 188 3712 adeo
198 3679 249 3731 per
262 3658 441 3712 Hannibalem
453 3657 565 3724 irritati,
575 3657 637 3710 Can
682 3657 738 3726 ejus
752 3657 863 3708 consilio
874 3657 937 3709 urbs
951 3671 976 3710 et
990 3677 1036 3710 arx
1049 3659 1141 3714 Bactra
1152 3683 1193 3716 ca-

118 3740 257 3810 thaginem
271 3759 327 3792 nou
340 3737 479 3790 delessent.
681 3749 726 3806 pta
740 3748 820 3798 esset,
835 3738 891 3806 ejus
907 3737 1033 3790 virtutem
1047 3737 1190 3795 admiratus

159 3821 190 3872 3.
210 3819 375 3891 Subsequutru
395 3829 438 3870 est.
459 3819 510 3868 An.
526 3817 559 3868 U.
579 3816 634 3868 516
682 3815 781 3880 Ninus,
802 3834 860 3868 eam
884 3817 934 3868 sibi
957 3837 1066 3870 uxorem
1090 3822 1190 3874 ascivit.

113 3899 237 3951 circiter.
252 3899 312 3951 Lir.
329 3898 396 3950 xxl
411 3909 438 3948 et
452 3896 570 3962 XXXV3
589 3897 637 3948 Po-
681 3893 751 3948 Vide
769 3893 803 3947 de
822 3897 878 3965 ejus
892 3898 969 3966 gestie
982 3898 1118 3950 tustinum
1134 3901 1159 3963 Ι,
1176 3921 1186 3952 r

111 3979 174 4049 lyb.
193 3979 231 4030 Π.
245 3978 428 4030 -Potuisset
442 3977 494 4028 Pro
503 3988 591 4046 posset.
681 3987 708 4026 et
726 3994 763 4038 a;
794 3975 928 4040 XXXVI,
954 3996 988 4040 23
1013 3977 1189 4048 Pomponium

158 4064 191 4119 4.
223 4057 403 4110 Commiliu'um.
427 4057 465 4108 Ut
484 4056 553 4128 patri
574 4051 636 4108 duci
681 4053 777 4108 Melani
792 4055 818 4118 Ι,
841 4073 894 4120 ιις
915 4054 995 4108 ovid.
1012 4057 1189 4128 Metamorpb.

110 4155 211 4190 eomes
226 4139 278 4190 iret
292 4137 320 4192 iu
337 4137 466 4188 militiam.
681 4134 729 4190 lv,
747 4133 792 4188 58.
