3110 5134
298 583 300 590 ,
356 515 407 605 qd
521 512 749 580 VALERII
778 507 1111 582 MAXIMlLIB.
1140 514 1253 581 VIII.

415 670 428 712 r
443 669 469 714 1.
489 647 536 712 Te
553 669 703 738 quoque,
723 642 883 713 Cleanthe
894 642 917 730 ¹,
929 657 996 712 tam
1017 642 1179 714 laboriose
1195 644 1420 731 haurientem,

357 765 390 818 et
412 764 480 818 tam
505 750 717 844 pertinaciter
729 749 915 818 tradentem
937 751 1152 844 sapientiam,
1173 775 1296 820 numen
1318 752 1427 843 ipsius

357 855 526 924 industriae
547 857 712 951 suspexit,
730 880 832 948 quum
855 854 1094 926 adolescentem
1109 871 1234 950 quaestu
1250 856 1420 926 extrahen-

358 961 408 1030 dae
426 985 518 1055 aquae
535 975 699 1030 nocturno
721 975 869 1055 tempore
890 962 1035 1056 inopiam
1055 975 1145 1032 tuam
1161 975 1419 1048 sustentantem,

357 1067 477 1136 diurno
495 1067 671 1162 Chrysippi
688 1069 863 1161 'praeceptis
885 1067 1101 1163 percipiendis
1118 1082 1313 1155 vacantem,
1332 1091 1420 1137 eum-

358 1173 497 1267 demque
513 1173 554 1241 ad
566 1173 870 1244 undecentesimum
887 1196 1010 1242 annum
1028 1187 1153 1242 attenta
1169 1198 1249 1242 cura
1266 1171 1418 1242 emdien·

358 1293 424 1348 tem
441 1279 607 1348 auditores
620 1294 713 1366 tuos,
728 1278 875 1365 videret3
892 1277 1014 1374 duplici
1027 1281 1114 1349 enim
1129 1276 1242 1350 labore
1258 1280 1354 1347 unius
1368 1303 1418 1348 se·

358 1383 422 1454 culi
443 1387 585 1479 spatium
604 1386 788 1480 occupasti;
810 1386 971 1454 incertum
989 1383 1175 1471 reddendo,
1195 1383 1418 1478 discipulusne

357 1515 400 1559 an
421 1505 606 1586 praeceptor
627 1514 713 1559 esses
734 1488 937 1559 laudabilior.

416 1620 470 1665 ra.
500 1594 686 1691 Sophocles,
700 1620 831 1691 quoque
854 1595 1033 1689 gloriosum
1058 1621 1134 1666 cum
1162 1619 1272 1664 rerum
1297 1608 1418 1664 natura

357 1699 544 1770 certamen²
559 1701 693 1788 habuit,
713 1715 780 1770 tam
801 1702 941 1796 henigne
958 1700 1095 1770 mirifica
1113 1699 1159 1769 illi
1172 1723 1274 1795 opera
1293 1725 1352 1770 sua
1366 1725 1419 1774 ex·

357 1807 519 1893 hibendo,
536 1831 634 1902 quam
653 1806 707 1876 illa
723 1808 878 1903 operibus
896 1807 965 1898 ejus
983 1820 1134 1900 tempora
1151 1805 1326 1874 liberaliter
1343 1806 1418 1875 sub·

357 1914 590 1982 ministrando:
611 1939 715 2007 prope
734 1914 821 1980 enim
841 1912 1055 1980 centesimum
1075 1935 1199 1982 annum
1215 1914 1339 2006 attigit,
1353 1913 1418 1981 sub

356 2019 463 2112 ipsum
485 2021 659 2088 transitum
680 2017 722 2086 ad
744 2031 885 2086 mortem
904 2015 1078 2110 OEdipode
1102 2015 1249 2086 Colonen
1267 2019 1415 2111 scripto:

354 2148 418 2218 qua
438 2124 507 2194 sola
523 2124 633 2194 fabula
653 2125 801 2195 omnium
820 2120 966 2215 ejusdem
989 2120 1087 2190 studii
1108 2136 1279 2216 poetarum
1303 2125 1417 2217 praeri-

353 2255 432 2324 pere
457 2228 594 2324 gloriam
619 2230 752 2324 potuit3
774 2227 873 2322 idque
898 2230 1047 2320 ignotum
1068 2251 1139 2296 esse
1162 2230 1301 2321 posteris
1328 2227 1416 2298 iilius

352 2336 524 2430 Sophoclis
547 2321 704 2430 Iophon³
728 2334 852 2420 noluit,
880 2330 1031 2427 sepulcro
1054 2335 1174 2432 patris,
1199 2357 1272 2426 quae
1297 2333 1417 2424 retuli,

352 2440 574 2536 insculpendo.

411 2545 465 2617 13.
478 2537 677 2618 Simonides⁴
689 2571 770 2615 vero
785 2561 883 2640 poeta
892 2552 1098 2640 octogesimo
1109 2570 1202 2616 anno
1213 2562 1246 2614 et
1259 2545 1419 2618 domm

351 2679 388 2722 se
403 2659 577 2740 carmina,
598 2670 634 2722 et
648 2661 684 2723 in
705 2677 820 2722 eorum
842 2667 1012 2720 certamen
1030 2651 1243 2721 descendisse
1258 2654 1328 2746 ipse
1342 2651 1417 2749 glo·

351 2761 473 2845 riatur;
487 2784 548 2828 nee
567 2759 629 2829 fuit
645 2761 811 2853 iniquum,
825 2756 916 2826 illum
931 2756 1134 2852 voluptatem
1149 2782 1188 2826 ex
1205 2759 1337 2852 ingenio
1352 2783 1418 2826 suo

350 2864 406 2934 diu
426 2868 612 2961 percipere,
631 2889 734 2958 quum
752 2887 824 2932 eam
839 2865 928 2932 omni
949 2887 1020 2932 aevo
1039 2862 1211 2934 fruendam
1228 2863 1418 2936 traditurus

233 2993 236 3001 “
303 2991 308 2996 ·
350 2986 441 3040 esset.

392 3159 416 3193 ι.
426 3139 547 3192 Cleanthe.
557 3137 621 3191 vid.
631 3139 755 3202 Lucien.;
768 3137 854 3189 Cicer.
899 3133 976 3188 Aldo.
992 3135 1100 3206 Pighius
1120 3134 1204 3188 edidit
1221 3133 1346 3205 mepefice
1365 3137 1417 3187 tua

350 3217 429 3271 Acad.
445 3220 467 3270 1.
481 3251 521 3260 -
533 3219 636 3270 Numen.
653 3217 749 3269 Divina
771 3217 855 3268 virtus
899 3233 981 3285 opere,
996 3213 1043 3267 sed
1053 3225 1177 3268 monente
1192 3215 1314 3278 Vorstic,
1325 3214 1421 3268 turle-

348 3293 553 3368 ejusindustriae.
560 3295 769 3346 —Eaetrnbendoe
777 3314 853 3366 aque.
897 3292 1013 3364 gendum
1021 3312 1076 3347 esse
1086 3311 1137 3346 nox
1147 3294 1276 3346 amende
1283 3291 1422 3361 ostendit,

348 3373 427 3439 Quod
445 3375 633 3426 vilissimorum
649 3385 751 3426 tantum
767 3373 854 3426 homi·
898 3373 997 3444 quippe
1007 3391 1065 3444 quae
1077 3373 1185 3426 tertium
1195 3391 1284 3426 casum
1296 3373 1423 3444 requirit

348 3471 413 3506 num
426 3453 484 3504 luit.
498 3453 592 3504 AElian.
608 3453 663 3516 lx,
682 3456 726 3506 16.
736 3453 854 3506 Laertius
898 3454 1016 3505 omnino.

347 3533 435 3604 potius
449 3531 628 3602 Chrysippum
640 3529 799 3601 discipulum
812 3549 854 3584 re-
939 3533 966 3584 3.
980 3531 1079 3602 Iophon.
1094 3530 1175 3596 Quod
1186 3549 1285 3584 nomen
1298 3550 1313 3584 e
1327 3531 1424 3588 Suida

347 3608 619 3664 iertCleanthis.Vid.
636 3611 691 3662 Cic.
708 3608 741 3662 de
756 3609 810 3662 Fat.
827 3629 852 3680 7.
897 3610 1134 3681 restituitPighiue.
1144 3611 1195 3662 Alii
1203 3611 1425 3682 Sophon.Male.

346 3689 426 3743 Dedit
438 3690 524 3741 forsan
538 3702 564 3741 et
574 3690 673 3741 Zenoni
687 3706 803 3760 operam.
814 3721 853 3732 -
938 3695 965 3751 A.
981 3690 1122 3743 Simom'der.
1136 3689 1200 3743 Vid.
1216 3689 1320 3744 Snidas.
1338 3693 1428 3746 Vixit

348 3767 483 3842 Chrysippi.
497 3766 560 3820 Vid.
582 3769 703 3834 Lucian.;
719 3769 852 3830 Macrob.;
898 3788 957 3822 ann.
970 3771 1015 3838 89.
1030 3769 1179 3822 Simonides
1191 3783 1270 3840 poete
1282 3770 1337 3824 fuit
1353 3772 1430 3842 lyri-

348 3850 404 3902 Cic.
413 3849 440 3900 in
449 3847 504 3900 Cat.
516 3867 542 3917 7.
552 3847 619 3899 lnir.
627 3847 677 3911 lx,
688 3865 732 3910 ra,
742 3847 852 3918 5.Snpr.
898 3867 945 3902 cus
963 3861 990 3901 et
1005 3849 1068 3902 artis
1085 3850 1258 3902 mnemonico
1275 3850 1429 3908 inventor.

347 3929 404 3992 IV,
418 3929 450 3991 3,
467 3939 518 3979 ext.
534 3945 559 3978 a.
898 3925 961 3980 Vid.
976 3947 1047 3998 supr.
1058 3926 1092 3979 de
1104 3947 1188 3980 somn.
1202 3940 1230 3980 et
1239 3929 1371 3984 miracul.
1382 3963 1432 3976 ..-

389 4007 556 4061 s.Cerrnmen.
566 4005 649 4057 Tanta
657 4005 707 4057 luit
715 4003 852 4068 industrie,
899 4005 1031 4058 Certamen.
1056 4005 1089 4059 ld
1110 4007 1162 4059 fuit
1180 4008 1250 4060 inter
1271 4007 1344 4071 alia,
1374 4031 1433 4066 our

346 4099 375 4138 ut
392 4107 451 4138 curn
467 4087 522 4157 ipsa
533 4103 622 4137 rerum
638 4097 731 4137 natura
743 4098 852 4138 cenatae
896 4084 1312 4157 Graeciedecexcellerent,qnod
1321 4107 1433 4144 coram

341 4163 467 4218 videatur.
485 4197 524 4208 -
542 4163 647 4234 Mirifice
663 4164 701 4215 illi
713 4183 793 4234 opera.
812 4165 850 4217 Ex
895 4177 933 4216 tot
962 4167 1083 4234 gentibus
1111 4166 1201 4235 grecis
1225 4166 1295 4220 inter
1318 4165 1434 4228 docto·
