3152 5134
217 495 328 564 CAP.
357 495 419 578 11,
446 495 514 562 DE
543 494 642 562 SAP.
666 494 803 562 DICT.
833 495 935 564 AUT
961 496 1101 564 FACT.
1162 499 1204 570 15

136 643 233 714 tum,
255 641 297 696 ut
318 626 516 720 oolrptates
536 623 701 694 abeuntes
727 625 976 698 consideremus
982 654 995 714 ‚·
1025 653 1106 722 quas
1131 633 1206 725 qui·

135 733 214 804 dem
233 735 283 804 sic
301 729 507 802 ostendendo
527 731 668 816 minuit;
690 730 791 802 fessas
810 734 918 820 enim,
939 736 1207 832 poenitentiaeque

135 839 274 936 plenas,
296 839 414 908 animis
434 839 556 908 nostris
577 837 733 931 subjecit,
753 863 819 931 quo
841 840 949 908 miuus
967 840 1086 938 cupide
1108 867 1206 939 repe-

138 961 262 1016 untur.

200 1077 210 1122 ι
222 1080 256 1122 u.
272 1051 346 1120 Nec
360 1074 477 1145 parum
494 1047 673 1144 prudenter
687 1051 900 1146 Anaxagoras
912 1053 1127 1148 interroganti
1140 1060 1204 1124 cui-

138 1159 231 1244 dam,
246 1164 407 1252 quisnam
427 1171 515 1226 esset
536 1154 682 1226 beatus?
696 1158 826 1242 Nemo,
843 1159 965 1252 inquit,
983 1182 1029 1228 esc
1046 1160 1099 1228 his
1118 1187 1204 1256 quos

138 1266 317 1356 infelices
337 1267 540 1346 existiman
565 1261 630 1332 sed
644 1286 719 1332 etun
740 1268 776 1332 ιἰι
795 1265 855 1332 illo
877 1288 1016 1334 munero
1036 1273 1200 1361 reperies,

136 1379 199 1465 qui
215 1396 242 1440 a
260 1387 296 1438 te
313 1394 361 1440 ex
381 1373 523 1438 muents
539 1384 700 1438 constare
718 1369 887 1438 credatur:
906 1395 974 1440 non
996 1372 1058 1440 erit
1077 1371 1130 1442 ille
1150 1374 1202 1443 di-

137 1479 223 1548 vitiis
247 1492 281 1546 et
307 1474 489 1546 honoribus
513 1474 705 1562 abundans,
729 1475 786 1544 sed
810 1489 869 1544 aut
887 1477 997 1571 exigui
1017 1480 1121 1566 ruris,
1146 1495 1203 1549 aut

137 1609 207 1652 non
225 1583 407 1652 ambitiosae
427 1581 584 1654 doctrinae
601 1579 706 1650 fidelis
725 1605 764 1650 ac
783 1583 933 1676 pertinax
950 1581 1077 1671 cultor;
1095 1586 1128 1654 in
1152 1611 1201 1655 re·

139 1713 238 1760 cesso
246 1688 268 1774 ¹,
289 1713 387 1782 quam
408 1687 444 1756 io
463 1686 591 1774 fronte,
612 1688 745 1756 beatior.

197 1793 253 1866 13.
272 1791 448 1864 Demadis²
464 1817 594 1888 quoque
609 1792 735 1862 dictum
750 1795 897 1887 sapiens:
913 1792 1099 1866 nolentibus
1114 1801 1202 1868 enim

136 1901 394 1972 Atheniensibus
413 1899 542 1968 divinos
560 1899 703 1968 honores
720 1898 907 1968 Alexandro
925 1899 1122 1990 decernere,
1141 1909 1200 1974 Vi·

135 2008 223 2095 dete,
241 2008 363 2101 inquit,
376 2031 420 2076 rte
432 2005 511 2076 dim
524 2007 643 2076 caelum
656 2005 845 2092 custodire,
862 1992 1006 2074 terram³
1022 2014 1200 2080 amittant.

193 2117 249 2201 ι4.
266 2115 380 2202 Quam
399 2137 501 2248 porro
514 2111 676 2182 subtiliter
689 2111 886 2182 Anacharsis
902 2111 990 2206 leges
1005 2137 1200 2184 aranearum

138 2219 206 2290 telis
225 2205 481 2314 oompurabat.
473 2213 480 2268 l
502 2243 579 2288 nam
601 2233 639 2288 ut
659 2216 730 2288 illes
752 2217 934 2288 infirmiora
950 2217 1104 2290 animalia
1122 2225 1199 2290 reti-

138 2352 229 2410 nere,
244 2325 429 2396 valentiora
448 2327 691 2410 transmittere;
706 2325 752 2392 ita
765 2324 817 2393 his
831 2323 972 2394 humiles
989 2340 1022 2394 et
1010 2350 1201 2456 pauperes

137 2434 338 2526 constringi,
362 2431 479 2500 divites
497 2444 531 2500 et
551 2445 772 2526 praepotentes
790 2455 858 2499 non
876 2417 1031 2560 alligarih

195 2537 252 2610 15.
279 2536 370 2608 Nihil
397 2539 495 2606 etiam
519 2535 660 2632 Agesilai
686 2535 775 2606 lecto
796 2523 1011 2632 sapientius⁶:
1040 2539 1200 2634 siquidem

179 2751 203 2784 ι.
219 2731 328 2782 Rauso.
348 2728 390 2782 Sic
406 2727 486 2779 etiam
503 2725 646 2792 Quintilia-
732 2726 758 2778 3.
783 2727 881 2778 Terram
904 2731 1026 2782 emittatis.
1042 2727 1074 2782 ld
1090 2743 1146 2796 est,
1166 2751 1200 2786 ne

134 2828 205 2862 nus:
218 2835 230 2856 ι
243 2809 303 2880 plus
317 2808 398 2860 habet
411 2810 436 2858 irr
451 2827 553 2868 recessu,
567 2825 646 2876 quam
691 2803 838 2858 Alexander
850 2807 932 2860 iratus
944 2826 991 2860 vos
1004 2807 1106 2879 perdat.

137 2889 169 2940 in
183 2889 271 2940 honte
283 2887 447 2958 permittit.·
436 2887 522 2940 ·Atii
535 2887 645 2957 legunt:
731 2891 757 2948 4.
773 2886 942 2957 Campaniae.
949 2886 1012 2940 vid.
1022 2887 1178 2942 Plutarch.
1170 2911 1198 2944 tn

135 2987 239 3020 m
689 2963 744 3018 Sol.
750 2965 797 3036 qui
806 2978 893 3018 tamen
900 2967 1198 3038 beuooompmtioueut

183 3067 209 3100 s.
223 3047 344 3099 Demadis
353 3045 415 3098 Vid.
428 3042 555 3098 burdaset
565 3044 646 3096 AEha
689 3044 802 3098 Zaleuco
814 3046 915 3098 tribuit.
924 3048 963 3098 De
973 3047 1115 3100 Anacharsr
1120 3049 1199 3120 ,Scy-

131 3145 195 3180 nus.
210 3124 339 3180 Demades
354 3127 402 3178 iurt
414 3137 504 3177 orator
519 3135 646 3196 praestan·
690 3124 795 3176 tbarum
812 3124 1036 3195 unicosapiente,
1051 3145 1135 3197 quum
1152 3147 1197 3181 co·

130 3208 251 3262 tissimus
270 3219 390 3278 tempore
403 3203 602 3268 Demosthenis,
620 3215 646 3256 et
688 3215 797 3257 nasetur
806 3221 901 3274 grascm
911 3205 979 3275 leges
988 3218 1013 3258 et
1023 3217 1090 3260 artes
1103 3205 1198 3261 docere

131 3307 217 3359 quum
230 3287 342 3342 Athenis
353 3297 515 3350 versaretur,
530 3297 607 3354 atque
618 3284 646 3336 in
688 3301 764 3348 suos,
778 3302 793 3336 a
807 3284 888 3336 fratre
905 3284 932 3336 iu
949 3287 1089 3338 venatione
1106 3288 1198 3358 sagitte

130 3381 227 3420 senato
241 3367 438 3460 promulgatum
454 3377 533 3428 esset,
545 3377 574 3415 ut
588 3363 647 3416 Ale·
688 3381 827 3434 percusso,
838 3381 890 3434 qua
910 3363 1011 3416 interiit
1020 3365 1094 3436 ,.leg
1111 3367 1196 3420 Cicer.

129 3445 257 3500 sandes
250 3466 278 3499 ιιι
300 3463 413 3499 nurnero
432 3401 560 3506 drorurh,
580 3455 645 3494 tarn·
688 3443 806 3505 Tusov,
818 3439 842 3505 S.
859 3461 912 3510 9o;
926 3456 952 3495 et
962 3443 1089 3497 Herodot
1105 3447 1156 3499 111.

128 3547 215 3600 quam
236 3527 306 3580 lilius
327 3524 465 3576 Ammonis
490 3523 645 3586 haberetur,
731 3523 756 3574 5.
774 3523 891 3591 diligari.
907 3523 981 3592 Pigb.
995 3537 1022 3577 et
1037 3525 1124 3578 Color.
1140 3524 1198 3578 edi·

125 3606 396 3680 idqneAthenienses
406 3622 472 3674 egre
483 3603 595 3668 ferrent,
602 3621 645 3654 su·
688 3599 891 3670 deruntalhgurr
896 3603 1011 3655 videmus
1017 3605 1107 3656 hirnus
1113 3618 1197 3672 recte

124 3707 179 3760 pra
203 3687 278 3740 allata
295 3686 378 3738 verbs
390 3681 465 3736 dixit.
483 3713 522 3725 -
536 3641 645 3753 Sapiens.
688 3681 796 3732 trademus
805 3682 888 3752 glossa
897 3695 949 3747 est
958 3695 984 3736 et
995 3701 1023 3734 ιιι
1034 3685 1090 3736 solo
1104 3686 1196 3758 Camp.

124 3769 193 3822 Duo
210 3764 282 3820 tted.
296 3783 359 3818 cum
373 3764 443 3816 Ultr.
456 3781 506 3816 sec.
520 3781 590 3834 quam
604 3781 645 3812 sa·
689 3773 781 3824 exstat,
787 3761 1050 3816 ceteriomnesrecte
1062 3765 1195 3818 omittunt.

118 3852 209 3918 pins.
219 3847 282 3900 Non
291 3843 505 3916 mdeproleoto,
516 3855 543 3894 et
555 3843 590 3896 sic
603 3860 646 3894 so·
730 3843 756 3892 6.
779 3840 923 3911 Sapientiae.
934 3841 997 3896 vid.
1014 3844 1084 3896 Plut.
1099 3845 1196 3916 npoph.

121 3928 163 3980 let
175 3928 276 3998 sapius
284 3925 437 3995 Nosterper
446 3921 646 3976 admirationem
689 3921 752 3991 qui,
766 3939 819 3972 noo
831 3924 981 3992 conjuratos
996 3921 1199 3994 deprehendisse

118 4009 214 4079 loqui.
229 4007 278 4068 tv,
294 4013 322 4068 4,
338 4007 370 4069 8;
383 4004 436 4068 vt,
447 4005 477 4066 8,
492 4005 522 4065 ὃς
534 4003 601 4066 Vll,
614 4021 644 4058 ι,
690 4001 853 4070 Agesilaum,
867 4000 913 4054 sed
929 4002 1053 4073 fugitivos
1068 4019 1100 4056 ex
1115 4004 1170 4054 acie
1186 4021 1199 4052 ι

118 4101 178 4140 ext.
206 4105 258 4150 1⁰3
278 4086 332 4140 IX.
348 4085 383 4148 3,
398 4084 450 4136 e'xt.
473 4101 497 4134 ι.
520 4081 574 4134 Nec
592 4081 646 4133 obit
689 4080 1198 4152 capitispoenuliberasse,narrat,lege‚

119 4164 205 4240 qnod
224 4165 358 4234 seqnitur,
373 4163 483 4216 section.
502 4166 546 4224 ι4.
690 4173 719 4212 ut
742 4179 772 4211 es
795 4162 849 4212 arie
870 4161 998 4230 largientes
1015 4162 1099 4232 capite
1118 4162 1198 4232 puni·
