3110 5134
206 543 308 612 CAP.
338 542 408 628 IX,
435 541 501 608 DE
528 539 585 607 Vl
613 539 992 628 EL'OQUENTIAE,
1014 559 1075 612 etc.
1119 571 1168 642 99

124 677 218 743 nisset
233 673 435 768 eloquentia,
452 697 526 766 spes
538 673 621 740 tanti
636 673 764 766 imperii
778 674 810 738 in
827 674 899 767 ipso
916 698 1008 769 paene
1021 693 1096 746 ortu
1112 703 1171 748 suo

123 782 313 865 corruisset3
329 781 356 846 is
376 802 517 871 namque
539 775 698 872 populum
718 801 804 844 nova
826 793 860 844 ct
878 779 1006 848 insolita
1024 781 1172 854 libertate

122 901 242 954 temere
257 885 469 979 gaudentem,
485 884 632 950 oratione
647 881 689 960 ad
701 880 837 950 meliora
849 898 883 951 et
897 887 1023 954 saniora
1040 875 1174 959 consilia

123 1006 330 1076 revocatum,
347 991 473 1058 senatui
489 987 647 1079 subjecit,
665 987 698 1055 id
717 1001 787 1074 est,
804 989 920 1058 urbem
938 991 1011 1060 urbi
1023 991 1031 1014 ¹
1043 993 1173 1084 junxit3

123 1097 230 1165 verbis
253 1121 333 1190 ergo
351 1093 500 1164 facundis
519 1092 583 1181 ira,
606 1095 845 1181 consternatio,
868 1093 979 1162 arma²
998 1117 1172 1171 cesserunt.

173 1229 206 1270 a.
230 1203 315 1290 Quae
336 1202 434 1269 etiam
454 1201 622 1268 Marianos
642 1183 896 1293 Cinnanosque³
917 1227 1111 1292 mucrones,
1130 1209 1173 1275 ci·

123 1307 191 1376 vilis
212 1305 434 1402 profundendi
456 1305 620 1397 sanguinis
638 1304 814 1398 cupiditate
839 1304 1005 1391 furentes,
1027 1310 1175 1380 inhibue-

125 1428 217 1496 runt3
234 1413 323 1480 missi
340 1413 428 1478 enim
444 1433 462 1478 a
476 1409 657 1478 saevissimis
674 1408 813 1477 ducibus
830 1409 947 1478 milites
961 1411 1003 1480 ad
1016 1416 1063 1482 M.
1080 1417 1178 1486 Anto

125 1521 211 1586 nium
224 1513 506 1602 obtruncandum,
518 1537 667 1584 sermone
681 1515 750 1608 ejus
761 1515 993 1610 obstupefacti,
1005 1518 1177 1592 destrictos

107 1624 184 1716 ,jam
197 1636 233 1692 et
243 1622 410 1690 vibrantes
424 1619 548 1714 gladios
557 1644 675 1690 cruore
683 1644 805 1688 vacuos
817 1621 943 1716 vaginis
955 1623 1175 1697 reddiderunt.

126 1730 253 1818 Quibus
267 1727 436 1823 digressis,
449 1727 484 1794 P.
502 1727 681 1796 Autronius
697 1719 750 1813 (is
768 1726 855 1796 enim
875 1725 963 1796 solus
978 1730 1012 1796 in
1032 1723 1178 1801 ambitu⁴

125 1859 238 1930 expers
263 1834 458 1902 Antonianae
484 1831 643 1901 facundie
667 1824 824 1919 steterat)
846 1832 979 1900 crudele
1003 1837 1178 1932 imperium

127 1939 310 2009 truculento
328 1939 659 2033 ministerio-peregit.
682 1937 792 2024 Quam
811 1935 967 2005 disertum
986 1941 1086 2034 igitur
1104 1969 1179 2013 cum

128 2044 221 2114 fuisse
235 2059 407 2138 putemus,
424 2067 522 2137 quern
537 2069 578 2111 ne
595 2043 739 2110 hostium
757 2042 887 2136 quidem
905 2045 1077 2138 quisquam
1093 2053 1180 2118 occi-

129 2149 199 2218 dere
217 2151 392 2234 sustinuit,
409 2151 465 2244 qui
482 2147 582 2217 modo
597 2172 711 2216 vocem
728 2148 798 2240 ejus
812 2148 854 2216 ad
871 2173 967 2216 aures
983 2175 1057 2220 suas
1076 2153 1182 2224 voluit

128 2254 325 2325 admittere?

177 2359 208 2432 3.
229 2363 338 2430 Divus
357 2385 486 2454 quoque
506 2358 610 2428 Julius
620 2344 644 2444 ⁵,
661 2383 759 2452 quam
782 2358 916 2429 caelestis
934 2363 1094 2451 numinis,
1113 2379 1179 2434 tam

126 2471 219 2536 etiam
236 2467 373 2535 humani
389 2466 510 2560 ingenii
524 2463 795 2560 perfectissimum
810 2465 976 2550 columen,
992 2469 1058 2536 vim
1071 2469 1182 2539 facun-

126 2571 184 2641 diae
206 2575 340 2668 proprie
359 2573 535 2666 expressit,
558 2569 696 2638 dicendo
717 2571 751 2636 in
769 2573 976 2658 accusatione
994 2575 1056 2642 Cn.
1074 2576 1178 2644 Dola-

126 2677 217 2747 bellae
228 2732 238 2762 ,
251 2703 348 2771 quem
367 2702 459 2745 reum
478 2679 562 2770 egit,
578 2681 773 2770 extorqueri
782 2675 849 2744 sibi
860 2702 1000 2746 causam
1015 2689 1179 2774 optimam

127 2785 164 2854 C.
187 2786 297 2852 Cottce
344 2789 532 2868 atrocinro3
553 2782 713 2875 siquidem
733 2783 873 2850 maxima
897 2798 976 2854 tunc
996 2785 1179 2878 eloquentia

126 2903 247 2978 questa
263 2904 309 2957 est
338 2917 347 2958 :
368 2889 463 2982 cujus
485 2889 570 2956 facta
588 2889 773 2972 attentione,
791 2889 945 2980 quoniam
964 2889 1177 2960 domesticum

168 3095 194 3130 t.
219 3077 284 3130 tlrtt
301 3079 390 3130 Livius
405 3095 466 3129 enm
482 3075 634 3127 Menenium
674 3074 1180 3146 fumen.1nutroquesummus‚armiset

121 3157 367 3229 Agrippamrocat.
388 3154 440 3208 Sed
458 3153 551 3208 eodem
569 3165 633 3205 tem·
673 3153 830 3222 eloquentia.
855 3185 894 3195 -
922 3155 1030 3226 Proprie.
1055 3155 1096 3209 stc
1120 3177 1181 3211 curn

120 3255 187 3306 porc
205 3238 286 3288 etiam
306 3237 427 3288 Valerius
446 3235 527 3297 vixit,
544 3233 590 3303 qui
609 3244 635 3284 et
674 3231 812 3284 Perizonio
833 3231 918 3302 legas,
939 3253 993 3286 non
1016 3253 1077 3289 cnm
1093 3237 1179 3291 ΗΒΕ.

119 3314 238 3368 dictator
258 3327 360 3368 creatus
376 3315 437 3367 fuit.
451 3314 509 3365 Liv.
523 3313 567 3377 11,
587 3329 631 3363 ao.
675 3308 831 3381 quibusdam
847 3316 959 3382 proprr'oe.
980 3315 1046 3368 Nam
1059 3319 1180 3386 preprium

120 3395 212 3447 Urbem
229 3396 284 3446 urbi
291 3397 383 3464 jurate.
394 3391 474 3444 Unde
485 3393 571 3444 Varro
583 3392 632 3456 IV,
676 3389 824 3443 facundiam
844 3409 897 3442 nou
917 3392 1048 3458 laudavit,
1067 3394 1179 3451 dicendo

116 3493 175 3526 nan
191 3473 330 3526 civitatem
343 3474 459 3542 bicipitem
473 3469 593 3542 adpellut.
677 3471 773 3522 alterius
783 3471 1056 3537 facundiusibicaruam
1069 3480 1180 3545 optimam

158 3573 185 3606 a.
202 3554 296 3606 Anna.
310 3552 385 3622 Pige.
394 3569 453 3602 cum
462 3551 632 3602 aliisetarma.
677 3553 816 3618 extorqueri.
834 3548 885 3600 sed
897 3557 992 3620 proprie
1006 3560 1118 3622 expressit
1131 3559 1181 3606 vim

112 3634 221 3686 Οοῃιη
238 3631 330 3683 libros.
672 3631 796 3694 secundia
801 3648 812 3692 ;
825 3630 887 3698 quia
899 3629 969 3682 illius
981 3645 1066 3702 partes
1076 3638 1181 3704 propria

155 3713 184 3764 3.
204 3711 507 3764 camaracenses.
522 3707 633 3779 Appiae.
678 3721 738 3760 sunt
752 3727 810 3760 reos
828 3705 968 3761 defendere
988 3712 1030 3763 vel
1051 3731 1180 3767 accusare.

110 3793 171 3845 Civ.
191 3793 224 3855 13
242 3791 340 3842 Vellei.
358 3790 399 3852 tl,
413 3807 462 3852 ²²3
479 3789 575 3840 Lucan.
593 3787 634 3851 tl;
678 3785 1087 3854 vid.Quint.11‚16;velt.lt,
1105 3811 1130 3861 9.
1141 3823 1180 3834 -

110 3873 170 3924 Cic.
178 3870 221 3922 de
230 3869 311 3921 Orat.
318 3869 393 3932 111,3
404 3887 413 3932 ς
423 3867 564 3930 vumtx,
572 3885 598 3930 a,
608 3885 633 3918 a.
678 3866 820 3918 Dolabellae.
829 3867 915 3931 Quem
926 3887 940 3919 e
951 3869 1051 3938 Sicilia,
1061 3871 1107 3942 qui
1118 3889 1181 3942 prra-

151 3941 632 4015 d.Ambitu.Sinecirculo:nonundi·
677 3959 718 3998 tor
731 3947 882 4016 prement,
897 3948 1102 4016 repetundarum
1123 3951 1180 4002 Cre·

105 4043 186 4084 vent
200 4045 303 4082 vocem
312 4026 458 4097 eloquentis
464 4025 579 4077 Antonii.
679 4043 719 4077 sar
734 4025 917 4096 postulaverat.

149 4111 180 4164 ⁵.
205 4109 307 4160 Julius.
322 4108 372 4159 An.
390 4107 424 4158 U.
446 4109 511 4175 676.
528 4104 635 4156 Sueten.
734 4105 876 4157 §.Mariana
891 4117 945 4156 triac
959 4108 1088 4176 eloquentia
1101 4119 1182 4178 questa

104 4193 176 4244 Ca.
203 4205 245 4252 a:
280 4185 334 4238 Cic.
360 4187 433 4240 Brut.
458 4205 504 4252 9².
528 4217 565 4228 ·-
593 4181 638 4235 Co·
682 4196 723 4234 est.
741 4183 782 4235 Sic
800 4201 891 4252 magna
913 4202 971 4254 pars
988 4184 1061 4237 MSS.
1080 4199 1105 4239 et
1122 4186 1187 4241 edd·

961 4290 1001 4384 7.
