3208 5174
381 556 430 628 68
553 555 772 624 VALERII
799 557 1005 626 ΜΑΧΙΜΙ
1033 559 1129 630 LIB.
1162 561 1275 630 VIII.

380 703 414 758 et
429 689 472 758 ab
490 687 553 758 hac
568 689 752 784 suspicione
772 687 889 784 procul
910 702 1076 780 remotus,
1097 691 1247 782 invidiae,
1269 719 1342 788 quoa
1364 711 1451 767 tunc

378 798 413 864 in
430 795 574 865 duorum
592 793 753 864 fratrum¹
769 792 898 890 inclytis
912 797 1165 891 cognominibus
1183 801 1374 891 habitabat,
1392 829 1449 873 ne·

378 905 491 972 sistere
513 927 580 971 non
601 903 718 996 potuit.

433 1051 464 1096 a.
482 1025 527 1095 At
541 1026 685 1121 Scipioni
698 1024 832 1119 quidem
848 1026 1009 1096 maximus
1028 1025 1169 1105 fortunat
1186 1027 1316 1124 fulgor,
1329 1035 1368 1102 C.
1384 1055 1448 1102 au-

376 1148 444 1202 tem
462 1129 632 1203 Deciano'
652 1145 806 1226 spectatae
828 1130 902 1200 inte*
919 1131 1022 1202 ritau's
1044 1136 1116 1202 viro
1137 1159 1204 1204 vox
1225 1161 1283 1205 sua
1304 1140 1448 1208 exitium

375 1235 499 1322 attulit3
511 1259 588 1307 nam
601 1261 703 1334 quum
712 1234 747 1305 P.
760 1239 896 1306 Furium
930 1239 1198 1332 inquinatissimae
1214 1243 1289 1312 vitae
1302 1267 1364 1338 pro
1379 1247 1449 1316 Ro

375 1347 450 1416 stris
472 1358 662 1426 accusaret,
684 1343 760 1436 quia
784 1343 926 1436 quadam
945 1344 979 1412 in
999 1358 1092 1440 parte
1115 1349 1252 1417 actionis
1270 1348 1312 1418 dc.
1333 1367 1448 1422 morte

373 1453 412 1522 L.
431 1451 602 1520 Saturnini
620 1451 713 1544 queri
734 1471 832 1518 ausus
856 1449 965 1518 luerat
979 1475 986 1518 :
1002 1473 1063 1521 nec
1084 1475 1178 1521 reum
1196 1450 1387 1544 damnavit,
1408 1475 1448 1529 et

373 1560 509 1654 insuper
529 1557 560 1625 ei
581 1576 695 1651 poenas
714 1553 860 1626 addictas
882 1555 1040 1652 pependit
1048 1545 1070 1626 ⁴.

429 1674 461 1750 3.
484 1682 556 1749 Sex.
576 1703 709 1774 quoque
732 1679 853 1748 litium
875 1679 989 1749 similis
1014 1669 1109 1757 casus
1129 1687 1308 1778 prostravit
1318 1673 1338 1755 ⁵.
1359 1691 1447 1758 Erat

373 1784 548 1873 innocens3
562 1801 633 1854 erat
650 1786 778 1880 agraria
796 1784 868 1880 lege
886 1784 953 1853 lata
966 1789 1128 1880 gratiosus
1147 1789 1236 1885 apud
1250 1791 1414 1889 populum
1435 1823 1444 1864 :

372 1908 483 1962 tamen
501 1893 576 1986 quia
594 1892 763 1962 Saturnini
776 1891 953 1984 imaginem
973 1893 1065 1964 domi
1082 1895 1261 1984 habuerat,
1274 1899 1445 1996 suffragiis

370 2024 445 2068 eum
468 2013 538 2067 tota
558 1999 702 2092 cognitio
723 1999 895 2092 oppressit.

425 2125 458 2208 Δ.
474 2121 656 2213 adjiciatur
670 2119 721 2187 his
734 2103 901 2204 Claudia⁶,
916 2143 1015 2212 quam
1031 2121 1195 2191 insontem
1210 2125 1364 2214 crimine,
1378 2151 1442 2197 vo-

370 2243 442 2296 tum
460 2227 598 2322 impium
622 2223 784 2294 subvertit
805 2251 812 2294 :
835 2225 932 2319 quia,
954 2246 1057 2320 quum
1078 2253 1098 2296 a
1119 2226 1203 2300 ludis
1225 2229 1361 2302 domum
1381 2259 1442 2304 rs-

369 2331 461 2402 diens
481 2332 579 2401 turba
599 2325 792 2418 elideretur,
809 2347 982 2426 optaverat
999 2347 1037 2404 ut
1055 2333 1157 2404 irater
1178 2359 1256 2406 suus
1266 2337 1291 2428 ⁷,
1312 2342 1441 2412 mariti-

369 2463 499 2509 marum
514 2438 635 2507 virium
651 2451 839 2506 nostrarum
858 2439 1025 2535 praecipua
1041 2440 1187 2534 jactura,
1205 2445 1441 2536 revivisceret;

412 2658 437 2692 1.
458 2638 583 2691 Fratrum.
597 2635 715 2690 Africani
725 2647 752 2689 et
764 2636 881 2691 Asiatici.
924 2649 963 2692 cot
973 2635 1094 2709 judicum
1106 2641 1250 2696 mamatiia.

368 2709 408 2766 .’..
425 2719 550 2772 Rerr'sterr.
574 2715 626 2768 Sed
645 2734 679 2769 ne
700 2717 727 2779 tn,
749 2734 881 2770 cameram
965 2718 992 2772 t.
1013 2721 1159 2776 Proreraoit.
1171 2725 1223 2775 Au.
1240 2724 1275 2776 U.
1294 2723 1359 2780 655.
1377 2728 1438 2783 Cic.

368 2799 527 2861 duceretur,
545 2795 681 2849 Gracchus
702 2795 764 2849 trib.
781 2795 818 2868 pl.
837 2797 879 2848 in-
923 2816 973 2870 pro
985 2799 1074 2853 Rabir.
1093 2801 1132 2852 Ex
1146 2802 1328 2856 hacoratione
1340 2806 1440 2859 intelli-

368 2879 493 2933 lercessit.
509 2871 574 2928 vid.
588 2895 662 2946 supr.
923 2877 1010 2947 gitur,
1020 2897 1075 2930 uon
1088 2900 1104 2935 a
1117 2881 1245 2935 concione
1260 2885 1369 2955 populi,
1388 2887 1438 2940 sed

411 2979 435 3012 o.
446 2959 562 3010 Dauno.
574 2956 625 3009 Au.
635 2954 670 3006 U.
686 2953 751 3016 654.
763 2954 818 3009 Cic.
829 2975 879 3026 pro
923 2957 956 3007 uh
969 2956 1103 3027 equitibus
1114 2979 1181 3014 rom.
1193 2979 1274 3032 penes
1286 2983 1353 3034 quos
1362 2965 1438 3035 judi·

366 3039 457 3092 Rabir.
467 3035 677 3106 93etAppienus
687 3031 721 3086 de
730 3034 797 3087 Bell.
807 3035 878 3089 civil.
922 3035 961 3086 cia
970 3047 1034 3088 tunc
1042 3042 1169 3110 temporis
1181 3053 1256 3094 mant
1264 3080 1272 3110 ‚
1279 3041 1438 3100 damnatum

367 3113 879 3177 lib.1.necianusnuttrinvidia‚sed
921 3131 977 3168 esse
997 3116 1109 3171 Titium.
1134 3149 1175 3163 -
1202 3121 1334 3192 Cogrrr'tio,
1366 3125 1436 3180 sicut

367 3193 836 3266 morelingun‚l'actuseatnoxiua.
921 3211 993 3267 supr.
1016 3201 1116 3266 quoertr'o
1143 3213 1182 3252 est
1204 3201 1292 3272 ipsum
1311 3202 1434 3274 judicum

409 3277 435 3328 3.
464 3275 574 3326 Fortior.
597 3271 659 3323 Sine
679 3269 762 3323 dubio
782 3273 879 3328 luroris
921 3273 1069 3346 collegium.

369 3353 489 3408 Catilinae
504 3351 613 3404 socium.
637 3373 673 3382 -
697 3351 780 3419 Queri.
797 3353 878 3417 Quasi
962 3357 989 3406 6.
1008 3354 1121 3410 cuam.
1135 3357 1185 3410 Au.
1197 3359 1231 3412 U.
1250 3361 1316 3432 507.
1328 3363 1432 3430 Livium

369 3429 631 3501 Saturninusiujurit
639 3444 718 3482 cusiis
727 3433 878 3495 esset.1s‚ut
921 3431 1005 3498 x1x5
1020 3434 1089 3488 Geli.
1104 3437 1141 3501 Χ,
1158 3442 1192 3504 6;
1210 3439 1282 3494 Suet.
1298 3443 1387 3496 libor.
1405 3465 1430 3498 a.

367 3511 502 3569 consulem
511 3509 608 3562 laceret
622 3508 775 3570 Glauciam,
792 3507 877 3564 Mem·
921 3511 1032 3566 Claudia
1053 3515 1146 3569 incesti
1166 3533 1302 3590 suspecte,
1321 3521 1432 3577 crimine

365 3595 466 3657 mium,
481 3591 569 3644 virum
587 3589 752 3642 consularem
769 3602 795 3642 et
813 3609 876 3644 con·
920 3609 947 3644 ae
962 3591 1131 3663 liberaverat,
1141 3615 1208 3650 zona
1223 3617 1268 3653 sua
1281 3619 1392 3668 narem,
1402 3605 1430 3656 iu

366 3674 466 3728 solatur
497 3665 667 3723 candidatum
700 3669 875 3724 interiecerat.
919 3687 971 3742 qua
987 3671 1157 3729 simulacrum
1170 3681 1260 3732 matris
1270 3679 1429 3750 deuoueret,

365 3755 453 3820 Quam
466 3750 501 3802 ob
514 3765 618 3802 musam
630 3765 696 3803 cosa.
712 3767 744 3801 ex
755 3750 826 3804 SCto
838 3769 878 3803 or·
919 3751 1033 3806 trahens.
1049 3753 1127 3808 Orici.
1144 3757 1213 3812 Fast.
1226 3760 1275 3812 IV.
1291 3759 1343 3814 Sed
1353 3775 1429 3828 tunc,

365 3834 430 3888 mati
443 3847 505 3884 eum
517 3829 671 3900 persequuti
682 3840 751 3882 runt.
765 3830 826 3900 Ipse
837 3831 876 3884 la·
919 3830 954 3882 ob
966 3833 1128 3902 petulantem
1140 3835 1255 3909 linguam
1270 3851 1296 3892 et
1308 3841 1431 3913 improbe

363 3913 472 3988 pidibus
492 3910 602 3962 obrutus
622 3923 630 3959 :
651 3907 768 3961 Glauciae
787 3909 875 3962 cervix
919 3907 1034 3980 (lictum,
1046 3915 1211 3971 mulmeien
1219 3919 1430 3992 impositaXXV

364 3995 454 4049 frma,
918 3991 1032 4044 millium
1045 3997 1132 4066 gravia
1143 3997 1209 4050 aeris.

407 4079 433 4138 4,
447 4067 571 4142 Pepordr'r.
582 4065 677 4120 Furius
692 4065 801 4139 qudem
815 4084 876 4140 pro-
959 4089 986 4142 7.
1004 4073 1095 4126 Frater
1105 4093 1170 4129 siuas.
1188 4079 1228 4131 De
1241 4095 1296 4150 quo
1308 4097 1381 4153 supr.
1395 4081 1428 4147 t,

363 4155 486 4226 prienou
502 4148 657 4212 damnatur,
672 4146 719 4201 sed
734 4160 873 4221 antequam
921 4155 950 4215 4,
967 4153 1092 4218 3;vt11‚
1113 4173 1144 4220 r,
1157 4161 1183 4218 4.
1196 4156 1260 4212 vid.
1274 4159 1343 4213 utin.
1363 4159 1427 4226 XV,

365 4233 467 4303 aplebe
476 4227 595 4283 damnari
611 4241 715 4300 maaet,
726 4225 873 4300 discerptus
922 4248 953 4294 ¹3
968 4231 1023 4286 cic.
1040 4233 1068 4298 1,
1084 4232 1118 4286 de
1131 4233 1190 4288 uir.
