3110 5134
216 506 325 574 CAP.
354 505 413 591 ΙΙ,
439 505 508 576 DE
535 505 793 574 PRIVATIS
818 507 1079 581 JUDICllS.
1156 511 1203 606 73

133 635 239 708 millia
264 661 439 708 nummum
464 637 506 708 ab
530 635 672 708 Otacilia
689 637 881 710 Laterensi¹
890 665 1002 762 ,cum
1024 665 1090 737 qua
1114 667 1204 714 com

132 850 346 938 eocousilio,
361 865 414 940 ut,
429 875 456 922 si
445 849 680 938 decessisset,
696 852 739 921 ab
757 851 935 923 heredibus
952 879 1025 924 eam
1042 879 1204 926 summam

132 971 288 1052 peteret3
307 981 407 1052 quam
422 955 521 1052 legati
537 983 641 1053 genus
659 981 732 1028 esse
749 956 877 1046 voluit,
894 958 1102 1030 libidinosam
1120 961 1204 1032 libe·

133 1062 302 1134 ralitatem
319 1064 421 1134 debiti
434 1066 569 1134 nomine
585 1062 774 1134 colorando
789 1067 905 1135 Evasit
918 1066 1037 1136 deinde
1050 1067 1204 1138 Visellius

133 1195 177 1241 ex
198 1169 257 1240 illa
279 1184 474 1266 tempestate
498 1170 656 1242 adversus
676 1183 756 1240 vota
773 1170 945 1242 Otaciliae:
964 1197 1038 1268 quae
1058 1173 1205 1263 ollensa,

134 1276 227 1372 quod
248 1302 341 1373 spem
361 1276 479 1372 predae
498 1301 565 1348 sue
585 1291 692 1348 morte
715 1301 784 1348 non
803 1291 1020 1366 maturasset,
1041 1304 1083 1350 ex
1099 1282 1206 1350 amica

133 1384 335 1478 obsequenti
355 1383 464 1454 subito
488 1380 698 1454 destrictam²
718 1383 960 1455 feneratricem
983 1409 1081 1482 agere
1106 1388 1206 1518 coepit

133 1514 295 1560 nummos
313 1488 480 1584 peteud03
499 1515 582 1584 quos
597 1504 635 1560 ut
653 1489 763 1560 frome
780 1491 1020 1581 inverecunda,
1035 1493 1082 1562 ita
1095 1477 1205 1562 inani³

134 1595 350 1715 stipulatione
364 1609 563 1690 captaverat.
579 1597 633 1666 De
646 1620 713 1690 qua
727 1620 763 1666 re
777 1598 815 1667 C.
826 1595 1043 1691 Aquilius,
1010 1622 1063 1666 ur
1079 1621 1207 1738 magne

138 1703 363 1789 auctoritatis,
380 1717 413 1772 et
431 1702 565 1772 scientia
584 1701 667 1795 juris
687 1700 790 1772 civilis
806 1701 991 1790 excellens,
1009 1693 1133 1798 judexl
1148 1703 1207 1774 ad·

136 1807 269 1896 dictus,
290 1806 476 1878 adhibitis
467 1833 502 1877 ιιι
523 1806 695 1878 consilium
716 1809 921 1904 principibus
942 1811 1103 1899 civitatis,
1123 1835 1207 1906 pru·

136 1914 252 1984 dentia
270 1929 306 1984 ct
326 1913 484 2008 religione
499 1937 560 1988 sua
578 1912 750 1984 mulierem
771 1913 902 2010 repulit.
923 1915 1069 2006 Quod
1043 1941 1070 1986 ιι
1092 1918 1206 1990 eadem

137 2019 284 2092 formula
304 2034 338 2092 et
354 2023 464 2092 Varro
481 2019 651 2107 damnari,
672 2034 705 2090 et
723 2019 911 2090 adversaria
928 2019 1055 2090 absolvi
1077 2025 1207 2116 potuis·

140 2142 190 2196 set
197 2127 297 2220 ,ejus
315 2149 447 2221 quoque
467 2151 536 2196 non
553 2126 668 2195 dubito
687 2127 767 2220 quin
780 2141 912 2222 turpem
927 2140 961 2197 et
979 2129 1208 2198 inconcessum

138 2259 289 2304 errorem
308 2231 449 2303 libenter
466 2233 685 2328 castigaturus
703 2231 823 2302 brerit:
839 2257 928 2302 nunc
950 2235 1086 2328 privatae
1105 2236 1207 2306 actio·

141 2340 190 2410 nis
207 2337 438 2410 calumniam
430 2364 500 2434 ipse
518 2340 742 2470 compescuit3
761 2337 912 2410 adulterii
927 2342 1054 2410 crimen
1068 2339 1209 2437 publicu

140 2447 314 2540 questioni
333 2431 593 2518 vindicandum⁵
609 2443 748 2540 reliqtut

194 2549 230 2624 3.
245 2551 358 2623 Μιιιιο
370 2553 566 2640 animosius,
579 2566 614 2622 et
627 2566 666 2622 ut
683 2550 815 2622 militari
832 2553 951 2647 spiritu
965 2551 1103 2682 dignum
1120 2566 1208 2640 erat,

141 2685 176 2728 se
187 2660 223 2728 in
236 2657 401 2730 consimili
416 2682 536 2754 genere
547 2658 659 2753 judicii
674 2661 713 2728 C.
727 2659 855 2728 Marius
870 2643 1005 2753 gessit;
1019 2683 1097 2728 nam
1107 2683 1209 2754 quum

142 2767 183 2834 C.
202 2765 344 2834 Titinius
369 2765 603 2834 minturnensis
625 2765 782 2833 Fanniam
807 2788 945 2834 uxorem
953 2789 1080 2859 ,qiam
1101 2767 1210 2860 impu·

145 2869 257 2938 (licam
274 2869 314 2940 de
325 2870 487 2940 industria
505 2869 662 2958 duxerat,
676 2895 716 2940 eo
735 2871 871 2938 crimine
889 2869 1115 2964 repudiatam,
1133 2870 1212 2940 dote

191 3060 596 3121 ntammtltortetaemmt,
609 3060 653 3112 ecl.
698 3059 800 3129 primus
818 3057 853 3111 de
872 3057 936 3111 dolo
950 3059 1020 3111 malo
1035 3060 1121 3131 legem
1141 3061 1212 3116 tulit.

142 3157 226 3204 uxor3
240 3157 301 3192 nam
314 3141 365 3195 fnit
378 3143 408 3194 iu
421 3139 599 3194 matrimonio.
615 3169 655 3182 -
741 3143 766 3200 4.
783 3137 871 3190 luder.
886 3137 968 3190 ludes
985 3137 1013 3189 in
1032 3157 1110 3193 causa
1127 3141 1212 3195 stricti

143 3221 225 3272 Fani.
239 3220 398 3292 computari
409 3233 544 3292 tamquam
558 3237 655 3292 apen·
697 3217 764 3288 juris
784 3235 801 3269 e
820 3217 938 3288 legibus,
956 3217 1055 3271 arbiter
1077 3219 1106 3272 in
1128 3221 1213 3276 causis

142 3319 244 3366 sanae,
255 3300 308 3353 boc
319 3313 373 3366 est,
384 3319 412 3354 se
422 3313 516 3354 mutuo
527 3299 655 3371 accepisse
698 3296 776 3349 bona
793 3295 857 3350 fidei
870 3315 901 3350 cx
918 3315 994 3369 aequo
1008 3310 1035 3351 et
1052 3297 1125 3352 bono
1138 3297 1211 3370 judi·

142 3380 314 3434 abOtaoilia.
698 3375 785 3430 cebet.
799 3375 931 3431 vincio.
945 3379 1022 3430 Roec.
1034 3379 1213 3442 4.-Αῶ-

185 3479 213 3513 a.
233 3461 391 3512 Damam.
405 3459 539 3520 Sueten,
554 3477 655 3526 acrem,
700 3467 745 3508 tus.
753 3451 1077 3528 Vulgolcgiturbddactus.
1086 3457 1139 3512 Sed
1146 3459 1214 3514 Vor-

139 3540 187 3603 nv
200 3559 235 3609 92
250 3543 279 3594 ⁶·
699 3535 764 3588 ιιιιιι
777 3537 885 3608 conjicit
900 3535 1041 3608 legendum
1057 3555 1112 3590 csse
1127 3539 1210 3591 addat-
1305 3583 1311 3603 κ

186 3621 213 3673 3.
228 3619 312 3672 laus.
324 3619 401 3670 Vana
413 3617 595 3689 promissione.
605 3617 659 3669 Ne·
701 3627 745 3668 tus.
759 3615 797 3668 Ut
805 3615 885 3687 paulo
895 3629 955 3669 ante
964 3616 1078 3669 autom
1088 3618 1213 3680 addicam

138 3717 198 3771 que
206 3699 278 3751 enirn
288 3709 452 3768 consequuta
461 3709 514 3761 est,
528 3695 600 3767 quod
611 3715 657 3767 op-
700 3695 737 3748 sic
749 3713 822 3747 nunc
830 3696 908 3765 judee
921 3695 1031 3748 addictae
1044 3695 1151 3750 dicitur.

138 3780 226 3831 tabat.
236 3778 306 3831 Nam
318 3777 431 3848 stipulari
438 3787 477 3828 est
486 3777 655 3847 interrogare.
742 3774 768 3826 5.
792 3774 977 3828 Vindicandum.
1000 3777 1068 3828 Ante
1087 3778 1211 3848 Pighium

137 3858 277 3930 Scapulau'o
292 3869 395 3921 autem,
414 3867 479 3910 teste
493 3855 657 3927 Pomponio,
700 3853 835 3924 legebatur
842 3855 1015 3925 des'candrm,
1025 3853 1072 3908 sed
1084 3858 1213 3910 uindican-

136 3951 183 3992 αι
203 3938 348 3990 ruborum
368 3934 524 4007 conceptio,
544 3935 657 4006 quibus,
701 3933 757 3985 dum
772 3934 865 3988 melius
879 3947 926 3988 est.
940 3932 1005 3987 Vid.
1026 3935 1159 3996 Ltv.1x‚
1184 3940 1212 3988 6.

134 4017 191 4090 qui
212 4018 407 4087 interrogatur,
427 4011 552 4068 datur-um
575 4015 658 4068 lactu-
704 4013 771 4082 Quia
786 4017 859 4083 tepus
867 4015 974 4086 proditio
987 4014 1061 4066 celeri
1068 4033 1142 4084 peasa
1154 4019 1211 4067 cria-

133 4114 278 4167 mmque,
301 4093 374 4167 quod
393 4095 584 4166 interrogatum
602 4107 659 4157 est,
703 4093 784 4145 doato
795 4105 838 4145 est.

132 4174 299 4249 impendet.
319 4177 350 4230 C.
365 4173 487 4246 Aquilius
505 4187 592 4229 autem
614 4173 658 4226 ille
744 4177 771 4226 6.
784 4171 873 4227 Gessit.
883 4174 914 4225 A.
925 4172 960 4224 U.
971 4171 1037 4225 653.
1047 4173 1116 4225 Plut.
1126 4173 1211 4227 iuvit.
