3152 5134
378 492 427 572 ltO
559 485 784 554 VALERII
810 483 1017 552 MAXIMI
1044 483 1139 550 LIB.
1166 479 1253 550 VII.

377 641 511 688 manum
534 619 572 686 L.
598 617 778 686 Mummius
799 614 936 708 adjecit,
958 614 1100 683 maxima
1117 635 1193 706 pars
1214 612 1256 680 ab
1276 611 1341 681 hoe
1360 613 1429 681 viro

375 723 549 820 profligata
570 735 627 792 est.
646 723 727 792 Eine
748 745 828 816 ergo
846 718 988 815 populus
1003 715 1209 790 consulatum
1230 741 1351 811 negare
1372 743 1429 812 po·

376 831 459 917 tuit,
485 831 538 898 cui
564 854 642 898 mox
670 827 751 898 duas
778 826 971 896 clarissimas
998 825 1183 920 provincias
1210 838 1268 892 aut
1295 823 1430 894 daturus

375 950 462 1023 erat,
483 949 540 1002 aut
561 934 746 1020 debiturus,
764 932 922 1002 Achaiam
939 947 972 1000 et
992 930 1220 1000 Macedoniam
1235 927 1271 996 ¹?
1292 933 1336 999 Et
1356 930 1430 1022 qui·

376 1041 451 1110 dem
469 1040 534 1109 hoc'
551 1039 656 1126 facto,
674 1038 810 1109 meliore
825 1064 864 1108 eo
883 1039 954 1108 eive
973 1062 1051 1107 usus
1069 1051 1135 1120 est3
1153 1033 1310 1104 intellexit
1326 1037 1430 1121 enim,

366 1170 474 1239 quam
488 1144 646 1214 industrie
660 1145 721 1213 sibi
732 1144 895 1238 gerendus
907 1157 992 1212 esset
1006 1141 1212 1230 consulatus,
1226 1165 1324 1235 quem
1339 1155 1431 1210 tanto

375 1250 487 1322 labore
505 1251 674 1345 impetrari
693 1265 845 1320 senserat.

431 1355 463 1428 5.
491 1355 581 1447 Quid
602 1371 670 1425 tam
697 1354 876 1442 excellens,
900 1355 978 1448 quid
1003 1371 1071 1424 tam
1098 1353 1311 1449 opulentum,
1333 1375 1431 1445 quam

375 1465 414 1533 L.
428 1461 561 1531 Sulla²?
576 1463 715 1557 Divitias
729 1476 763 1532 et
779 1461 915 1557 imperia
929 1458 1066 1555 largitus
1082 1445 1168 1543 est³;
1184 1458 1271 1552 leges
1287 1472 1433 1527 vetustas

375 1556 585 1663 abrogavit⁴,
604 1592 707 1637 novas
728 1565 820 1637 tulit:
842 1567 896 1635 hic
918 1590 1048 1661 quoque
1069 1567 1102 1634 in
1125 1589 1165 1634 eo
1183 1589 1318 1659 campo,
1339 1565 1433 1657 cujus

375 1687 491 1769 postea
509 1674 662 1743 dominus
681 1675 820 1759 exstitit,
845 1670 975 1767 repulsa
1000 1685 1150 1767 praeturae
1174 1668 1344 1763 sugillatus
1361 1684 1433 1755 est;

376 1781 486 1850 omnia
503 1778 574 1848 loca
595 1781 690 1874 petiti
710 1779 861 1866 honoris,
878 1781 904 1848 si
921 1779 993 1872 quis
1011 1777 1111 1846 modo
1131 1776 1269 1846 deorum
1290 1775 1433 1844 formam

375 1901 409 1954 et
429 1887 604 1979 imaginem
626 1885 744 1957 littura
760 1885 830 1978 ejus
848 1885 1002 1979 potentiae
1019 1879 1143 1979 populo
1157 1883 1299 1951 'romano
1314 1905 1433 1975 reprae-

375 2006 548 2078 senuisset,
569 1993 810 2085 impetraturus.

428 2096 462 2167 6.
483 2097 546 2166 Sed
568 2110 606 2164 ut
629 2097 838 2166 comitiorum
857 2098 1036 2167 maximum
1058 2097 1182 2166 crimen
1203 2095 1365 2181 referam,
1386 2097 1433 2162 M.

376 2204 510 2272 Porcius
524 2203 609 2271 Cato
618 2187 642 2290 ⁵,
654 2200 728 2296 plus
741 2202 888 2271 moribus
906 2203 972 2271 suis
987 2215 1137 2296 praeturae
1149 2200 1278 2272 decoris
1293 2201 1435 2296 adjectu·

375 2395 461 2448 lilium
480 2413 507 2447 se
528 2395 622 2464 gessit,
649 2393 883 2464 Macedoniamque
925 2391 1042 2448 cedonia
1054 2393 1161 2456 maluit,
1176 2411 1255 2466 quam
1268 2407 1329 2467 post
1342 2412 1437 2448 cousu-

376 2475 418 2528 νε]
431 2474 565 2527 voluntate
583 2473 770 2539 incolentium,
782 2475 825 2527 vel
841 2492 883 2525 ar·
924 2473 1024 2542 latum,
1041 2473 1179 2528 Celtiberis
1199 2475 1326 2540 subactis,
1342 2473 1372 2528 iu
1386 2491 1435 2544 po·

375 2554 426 2608 mis
441 2555 587 2626 occupavit.
600 2583 639 2596 -·-
654 2554 815 2606 Erinden...
824 2571 882 2622 pro·
925 2563 1045 2604 testatem
1060 2555 1239 2606 Romanorum
1251 2551 1362 2624 redegit.
1371 2551 1433 2605 Vid.

375 2645 485 2706 sequutus
496 2646 538 2684 est.
550 2631 593 2686 Sio
604 2651 694 2686 omnes
701 2632 775 2686 MSS.
785 2644 811 2684 et
820 2630 881 2685 edd.
925 2631 1048 2697 Florum,
1055 2632 1091 2698 Π,
1102 2651 1146 2703 17.
1154 2631 1289 2686 Sedlectio
1296 2631 1330 2685 de
1336 2631 1436 2685 Achaia

376 2731 442 2784 quos
456 2713 547 2764 Vorst.
565 2724 592 2763 et
603 2711 713 2764 Torren.
736 2712 884 2765 maluerunt
925 2710 1112 2779 confirmatur,
1130 2710 1202 2783 quod
1215 2731 1270 2764 non
1283 2725 1388 2764 tantum
1402 2709 1436 2764 de

376 2792 450 2863 sequi
471 2809 549 2862 quam
568 2789 777 2844 emendationem
796 2790 883 2861 Pighii
925 2787 1109 2857 macedonico,
1120 2789 1165 2844 sed
1174 2790 1241 2845 etde
1252 2790 1436 2844 achaicobello

374 2871 500 2943 legentis:
512 2889 578 2942 quem
591 2870 621 2922 de
632 2871 881 2940 Pseudophilippo
925 2868 1090 2940 predixerat.
1109 2869 1205 2942 Negari
1221 2883 1310 2923 tamen
1326 2870 1435 2941 nequit,

372 2961 529 3022 prosequutus
540 2961 639 3003 erat...
651 2951 783 3021 profh'gata
789 2950 881 3017 suerat.
926 2949 955 3002 in
964 2949 1016 3001 hac
1027 2967 1125 3002 emme
1132 2950 1280 3014 Valerium,
1295 2948 1370 3020 quod
1382 2962 1437 3002 tra·

434 3042 478 3081 aut
498 3029 598 3080 debebat
614 3041 657 3080 aas
674 3041 727 3081 erat
742 3029 884 3082 debitum?
926 3026 980 3091 dit,
996 3028 1104 3082 Metello
1122 3029 1249 3082 Achaiam
1266 3041 1293 3081 et
1309 3027 1437 3082 Macedo·

376 3110 415 3162 Et
434 3109 526 3182 quidem
547 3109 591 3160 hoc
606 3110 692 3174 sacto,
711 3121 761 3161 etc.
783 3107 884 3160 omissis
926 3107 998 3158 niam
1011 3105 1119 3160 demum
1132 3108 1334 3180 postconsulatus
1353 3107 1435 3177 repul·

377 3189 496 3242 Achaiam
512 3200 535 3238 et
547 3187 721 3240 Macedonium.
735 3186 839 3240 Scilicet
852 3207 884 3239 ex
926 3205 977 3237 sam
989 3184 1061 3239 datas
1073 3205 1135 3240 esse.

376 3266 485 3318 historia
503 3283 612 3318 romana
630 3277 731 3318 constat
749 3265 884 3318 Metellum
969 3284 994 3319 a.
1008 3265 1087 3319 Sulla.
1099 3266 1162 3319 vid.
1177 3266 1246 3320 Plut.
1258 3265 1286 3318 in
1299 3265 1365 3328 vit.;
1379 3266 1439 3334 sp·

376 3343 578 3396 Macedonicum
601 3342 635 3396 de
659 3342 884 3416 Pseudophilippo
925 3344 997 3416 piata.
1010 3345 1067 3398 Civ.
1078 3345 1101 3398 1.
1114 3347 1166 3400 An.
1179 3346 1214 3398 U.
1228 3343 1293 3412 659.

378 3423 568 3492 triumphasse,
585 3440 667 3492 quum
686 3421 772 3475 adbuc
787 3436 885 3493 pretor
968 3425 994 3478 3.
1004 3425 1118 3494 Largitur
1128 3438 1171 3478 est.
1182 3425 1250 3478 Nam
1258 3435 1388 3495 occupata
1398 3441 1441 3476 re·

379 3514 457 3562 esset.
472 3514 499 3553 et
509 3513 649 3573 autequam
662 3501 825 3554 consulatum
838 3521 884 3574 pe-
926 3503 1044 3574 publica‚
1059 3505 1268 3576 proscriptorum
1281 3503 1383 3556 civium
1392 3503 1441 3554 bo·

379 3592 456 3632 teret.
471 3579 591 3632 Valerius
604 3592 691 3632 autem
708 3581 815 3644 scribit,
827 3580 884 3634 Me·
926 3599 961 3634 na
977 3581 1100 3648 donavit,
1120 3584 1285 3654 magistratio
1296 3581 1440 3653 ‚provin-

380 3659 442 3711 tello
456 3657 579 3711 Achaiam
594 3670 620 3710 et
634 3657 815 3713 Macedoniam
825 3673 886 3730 post
927 3661 979 3714 cias
994 3675 1071 3734 atque
1083 3663 1195 3734 imperia
1205 3681 1256 3733 pro
1267 3680 1312 3716 sua
1322 3659 1443 3714 libidine

379 3738 528 3791 consulatus
549 3739 680 3808 repulsam
702 3737 789 3792 datam
810 3758 884 3806 esse3
927 3738 1072 3795 distribuit.

380 3816 452 3888 quod
473 3835 555 3886 quum
573 3817 709 3870 manilesto
728 3818 821 3870 falsum
842 3820 885 3885 sit,
968 3822 1148 3890 4.Abrogorit.
1155 3821 1216 3874 Illas
1225 3819 1367 3885 nimirum,
1379 3835 1444 3890 qun

380 3896 455 3968 Pigh.
475 3908 574 3948 textum
593 3896 724 3966 corrigere
737 3897 836 3961 voluit,
850 3916 885 3951 ue
926 3898 980 3951 suis
992 3901 1138 3954 rationibus
1148 3901 1316 3957 obsisterent,
1327 3910 1356 3952 et
1370 3915 1442 3970 prae·

380 3975 503 4028 Valerius
516 3975 612 4028 enoris
627 3975 773 4028 insimulari
790 3989 883 4047 posset.
927 3979 1016 4032 sertim
1029 3998 1111 4050 quarn
1121 3978 1190 4034 cives
1199 3997 1212 4030 a
1221 3979 1308 4032 Mario
1323 3979 1445 4049 proscri-

422 4071 445 4107 ι.
459 4053 636 4108 Macedoniam.
649 4055 769 4106 Achaiam
778 4054 885 4125 Pighius
928 4069 987 4126 ptos
997 4045 1139 4112 revocaret.

379 4135 517 4206 expunxit,
531 4147 556 4186 et
567 4135 710 4205 Hispaniam
719 4131 816 4188 addere
827 4135 883 4190 Ma·
971 4137 997 4190 ⁵.
1019 4138 1089 4191 Cato.
1103 4142 1152 4192 An.
1167 4137 1202 4190 U.
1219 4139 1285 4206 698.
1301 4135 1445 4191 Plutarch.
