3152 5134
196 497 292 564 CAP.
320 494 391 578 111,
417 495 479 561 DE
507 495 656 562 VAFRE
685 497 803 564 DICT.
832 498 924 568 AUT
952 501 1074 570 FACT.
1132 529 1179 600 ²9

119 655 182 698 non
207 627 342 720 reliquit
361 625 395 694 id
414 625 536 694 lactum
553 625 731 714 damnare,
749 628 838 722 quod
856 633 916 726 ipsi
939 631 1009 703 fieri
1030 634 1179 706 debuisse

115 735 354 828 judicaverant.

169 853 205 926 8.
231 850 325 922 Alter
345 852 423 920 item
445 848 607 918 Hannibal
620 849 628 874 ¹
643 850 780 918 Fabium
801 853 1003 942 Maximum,
1024 861 1179 930 invictam

119 983 288 1030 armorum
308 981 443 1032 suorum
462 958 529 1024 vim
546 954 766 1026 saluberrimis
785 963 1046 1034 cunctationibus
1061 991 1180 1062 pugnae

120 1065 366 1149 ludifioentem,
385 1078 423 1131 ut
442 1061 550 1157 aliqua
574 1063 766 1157 suspicione·
778 1065 930 1134 trahendi
953 1067 1028 1138 belli
1049 1095 1180 1166 resper-

121 1187 230 1266 geret,
246 1171 348 1240 totius
362 1167 463 1238 ltaliae
476 1191 573 1262 agros
588 1168 675 1236 ferro
692 1183 790 1262 atque
806 1171 873 1264 igni
890 1174 1069 1262 vastando,
1083 1180 1179 1248 unius

122 1279 187 1371 ejus
216 1275 359 1345 lirndum
386 1275 564 1344 immunem
592 1273 634 1342 ab
661 1275 726 1343 hoc
753 1277 877 1369 injuriae
901 1301 1020 1372 genere
1042 1279 1179 1376 reliquit.

122 1383 318 1454 Profecisset
342 1379 465 1474 aliquid
489 1382 571 1450 tanti
597 1378 747 1450 beneficii
771 1383 925 1452 insidiosa
953 1385 1181 1476 adumbratio,

123 1492 179 1558 nisi
203 1511 352 1556 romania
377 1485 452 1554 urbi
479 1501 512 1555 et
539 1485 629 1556 Fabii
655 1489 785 1581 pietas,
818 1503 852 1557 et
879 1491 1070 1561 Hannibalis
1097 1493 1181 1563 vafri

124 1619 231 1664 mores
252 1594 389 1664 fuissent
410 1593 576 1662 notissimi.

177 1741 214 1812 9.
234 1715 426 1786 Tusculanis
440 1716 540 1786 etiam
556 1717 706 1784 acumine
724 1714 849 1784 consilii
864 1717 1070 1790 incolumitas
1088 1735 1183 1816 parta

125 1821 212 1892 est’:
229 1847 333 1917 quum
357 1823 445 1890 enim
464 1821 589 1890 crebris
610 1808 896 1891 rebellationibns³
918 1827 1128 1914 meruissent,
1146 1843 1183 1896 ut

125 1955 237 1998 eorum
252 1929 370 1997 urbem
387 1927 532 1996 funditus
547 1929 689 1995 Romani
709 1941 855 1996 evertere
872 1929 1010 2018 vellent,
1025 1946 1124 2026 atque
1140 1935 1181 2002 ad

127 2035 158 2103 id
173 2034 420 2128 exsequendum
442 2035 558 2102 Furius
579 2033 753 2118 Camillus,
773 2036 934 2104 maximus
952 2035 1037 2124 dux,
1055 2037 1183 2108 validis-

128 2141 205 2210 simo
228 2143 412 2210 instructus
436 2141 579 2208 exercitu
600 2141 760 2224 venisset3
777 2143 920 2210 universi
943 2144 971 2212 ei
997 2145 1100 2238 togati
1120 2145 1183 2214 ob·

128 2248 208 2315 viam
226 2259 475 2340 processerunt,
494 2260 760 2339 commeatusque
779 2261 812 2314 et
830 2261 946 2316 cetera
964 2251 1053 2343 pacis
1071 2254 1185 2320 munia

128 2351 357 2448 benignissime
375 2353 604 2446 praestiterunt.
621 2353 793 2424 Armatum
811 2354 908 2420 etiam
927 2356 1050 2424 intrare
1064 2360 1185 2426 muenia

128 2461 208 2550 passi
230 2472 323 2543 sunt,
339 2481 399 2526 nec
419 2455 529 2543 vultu,
544 2481 605 2526 nec
624 2457 738 2526 habitu
756 2473 892 2528 mutato.
909 2461 984 2547 Qua
1002 2465 1184 2532 constantia

128 2562 369 2658 tranquillitatis
382 2587 449 2632 non
464 2561 570 2632 solunt
582 2563 623 2631 ad
637 2565 787 2634 amicitie
798 2579 917 2634 nostrae
927 2566 1000 2658 jus,
1014 2567 1070 2636 sed
1084 2570 1182 2638 ctiam

127 2668 167 2736 ad
185 2672 453 2739 communionem
472 2670 614 2738 civitatis
632 2657 767 2763 usquel,
785 2686 1048 2765 penetraverunt
1067 2675 1183 2768 Sagaci

127 2773 322 2844 herculensi
338 2774 561 2869 simplicitate;
573 2777 728 2868 quoniam
741 2778 849 2870 aptius
861 2801 931 2846 esse
945 2777 1181 2860 intellexerant,

130 2894 256 2948 metum
275 2881 383 2950 officio
403 2879 620 2964 dissimulare,
633 2904 731 2974 quam
752 2885 850 2950 armis
870 2897 1052 2977 protegere.

193 3020 248 3067 to.
272 2997 519 3069 AtVolscorum
538 2999 631 3067 ducis
650 2997 737 3068 Tulli
757 2998 953 3068 exsecrabile
971 2987 1182 3086 consilium⁵3

170 3219 195 3252 a.
208 3199 284 3252 Alter
296 3203 349 3250 item
360 3199 492 3252 Hannibal.
502 3199 573 3252 Uitr.
583 3217 631 3252 sec.
677 3199 759 3263 XIV,
776 3199 821 3250 31.
831 3198 999 3251 —Mntinuu
1012 3197 1069 3251 dur.
1087 3199 1181 3272 Copes.

127 3293 154 3331 et
167 3279 224 3331 alie
239 3280 312 3332 Alter
323 3278 458 3330 Hannibal.
475 3277 547 3331 Harl.
564 3277 636 3330 Alter
678 3277 776 3331 omittit
786 3275 930 3348 dmptgh.
942 3297 1031 3331 vocem
1045 3291 1182 3351 utramque

127 3358 410 3418 Fabim,omissoitern
416 3357 548 3418 Hannibal,
557 3376 635 3428 quant
678 3358 757 3426 ejicit.
771 3356 821 3410 Sed
834 3356 978 3410 Torrenins
992 3377 1023 3411 ex
1039 3359 1116 3429 genio
1128 3360 1182 3412 Va·

126 3438 267 3492 lectionem
274 3437 637 3492 nonsinecausaveramTor·
677 3436 735 3488 lerii
751 3434 866 3507 judicat,
882 3437 958 3496 ambo
976 3435 1063 3492 adesse
1078 3433 1182 3493 debere.

125 3535 182 3570 ren.
193 3517 493 3590 arbitratui-,suspicans
504 3521 558 3568 itan
566 3516 637 3567 Han·
678 3515 750 3570 Facit
762 3517 834 3569 enim
848 3515 881 3570 ad
895 3536 952 3574 rem
965 3517 1183 3590 exaggerandam,
1268 3575 1271 3586 ¹

125 3597 194 3648 nibal
206 3617 221 3648 e
236 3597 321 3667 glossa
338 3595 366 3648 in
380 3607 478 3649 textum
494 3595 635 3668 irrepsisse.
678 3593 751 3666 qnod
771 3601 885 3648 murinus
907 3595 957 3648 dur
971 3617 1022 3648 cum
1038 3597 1184 3650 oabdissim

125 3707 164 3718 -
172 3677 288 3746 Mtquu.
298 3677 349 3728 An.
357 3678 392 3729 U.
402 3675 533 3729 536.Liv.
543 3675 636 3740 XXII,
678 3687 776 3726 venerat
784 3680 886 3727 etet-citu
896 3675 931 3726 ad
939 3676 1083 3728 evertendam
1095 3678 1180 3728 urbem

127 3755 179 3822 233
193 3756 267 3808 Plnt.
279 3756 308 3807 in
320 3755 415 3820 tanim
426 3756 515 3808 Front.
525 3756 556 3820 1,
570 3758 596 3810 8.
720 3761 746 3811 b.
770 3753 855 3828 lqune.
873 3753 1055 3826 Praepositioni
1070 3756 1106 3806 nd
1122 3757 1184 3808 snb·

167 3855 193 3888 a.
215 3835 297 3886 Porta
314 3848 357 3886 est.
373 3836 423 3886 An.
442 3835 476 3887 U.
498 3834 562 3906 373.
577 3835 636 3887 Lir.
676 3834 721 3905 jici
738 3853 823 3906 usque.
839 3834 861 3886 ni
876 3836 986 3886 verbnm
1001 3847 1127 3905 penetrare
1144 3855 1181 3887 se-

126 3915 183 3982 Vl,
196 3915 249 3978 253
265 3915 337 3968 Plot.
351 3915 378 3966 in
391 3915 492 3966 Camill.
679 3924 787 3984 quater,
803 3931 897 3985 reaque
913 3914 993 3968 ardua
1008 3915 1183 3985 significetur,

165 3997 194 4048 3.
217 3993 429 4046 Rebdbtionibus.
447 3993 506 4045 Vox
529 4011 544 4046 e
566 3991 636 4063 vulgi
678 3992 809 4046 neminem
826 3993 901 4066 fugit.

122 4071 236 4128 ditandi
260 4091 350 4138 more,
369 4085 400 4126 nt
417 4073 525 4126 Vossius
545 4084 636 4144 putat,
721 4073 746 4124 5.
762 4070 899 4126 Consilium.
922 4073 971 4126 bn.
991 4073 1025 4124 U.
1046 4075 1110 4134 abb.
1126 4071 1184 4123 Liv.

123 4165 272 4226 assumpta.
287 4150 350 4205 vid.
369 4165 456 4206 umen
467 4152 553 4206 Tacit.
567 4154 635 4204 Ann.
680 4151 723 4215 11,
740 4151 792 4220 37,
808 4164 872 4204 tom.
887 4153 916 4211 Ι,
929 4171 987 4222 pag.
1004 4152 1074 4214 abo,
1090 4161 1185 4208 nostro
