3152 5134
228 583 341 652 car.
371 583 1011 668 vl11‚1)ERAT18TESTAM.
1108 557 1231 660 53]
1334 579 1337 587 ·

405 810 655 902 CAPUT
699 811 855 900 VIII.

309 1045 365 1110 De
384 1047 472 1110 ratis
486 1048 697 1110 testamentis
711 1058 747 1110 et
757 1047 948 1138 insperatas.

103 1269 121 1298 ι.
131 1247 264 1312 Sempronii
272 1247 394 1294 Tuditani·
405 1273 436 1283 —
444 1261 466 1293 a.
475 1248 591 1295 ARbucie.
601 1273 631 1284 -
639 1249 662 1294 3.
673 1249 704 1306 Q.
714 1249 813 1296 Metelli.
821 1258 881 1306 -4,
890 1251 977 1298 Fratris
986 1253 1090 1316 Pompeii
1099 1255 1162 1302 Ithe-

127 1329 179 1392 ,aa
194 1353 227 1364 -
239 1325 264 1374 s.
277 1327 308 1384 Q·
319 1325 415 1374 casu
428 1350 459 1362 -
470 1325 493 1374 s.
508 1327 535 1372 r.
549 1325 627 1372 uua.
644 1351 675 1361 -
691 1339 713 1386 7.
726 1327 753 1374 a.
767 1327 856 1374 vnaaa
868 1329 1034 1392 resacrare.
1050 1357 1081 1368 -
1099 1333 1122 1380 s.
1134 1333 1161 1380 r.

127 1404 456 1470 amna-astruas.

150 1605 213 1674 His
224 1605 440 1674 rescissorum
454 1617 724 1674 testamentorum
735 1605 892 1701 exemplis
907 1607 1053 1675 contenti
1067 1609 1164 1677 attin-

104 1734 219 1804 gamus
240 1735 298 1797 ea,
316 1735 389 1804 qua
411 1725 484 1780 rata
505 1725 715 1798 manserunt,
734 1735 836 1805 quum
854 1735 969 1782 causas
988 1712 1164 1799 haberent,

106 1830 240 1910 propter
256 1839 339 1910 quas
357 1815 499 1886 resciudi
516 1831 659 1910 possent

160 1969 188 2014 r.
203 1947 317 2034 Quam
334 1959 448 2033 certae,
464 1969 562 2040 qnam
577 1946 676 2015 etiam
692 1961 779 2016 notae
797 1949 930 2018 insaniae
947 1948 1168 2020 Tuditanus¹?

108 2065 218 2144 utpote
231 2053 289 2145 qui
305 2049 429 2146 populo
445 2075 598 2136 nummos
611 2053 783 2148 sparserit,
797 2066 975 2149 togamque
991 2053 1084 2123 velut
1099 2070 1165 2124 tra·

110 2159 208 2249 gicana
223 2171 352 2226 vestem
367 2155 488 2226 insono
502 2159 652 2247 trahens,
664 2161 807 2227 maximo
821 2183 898 2228 cum
911 2160 1084 2228 hominum
1099 2163 1166 2230 risu

111 2277 302 2358 conspectus
317 2263 432 2348 fuerit,
446 2285 485 2332 ac
501 2262 605 2332 muIta
617 2263 669 2332 his
684 2278 903 2334 consentanea
922 2265 1044 2335 fecerit.
1055 2270 1167 2336 Testa-

113 2367 238 2439 mcnto²
255 2367 363 2438 filium
381 2370 522 2437 instituit
540 2369 696 2442 heredem
714 2397 722 2438 :
741 2369 831 2464 quod
848 2372 897 2440 Ti.
917 2375 1069 2466 Longus,
1089 2397 1168 2442 san-

153 2591 175 2626 r.
192 2575 336 2628 Tutum.
347 2573 413 2628 Vid.
426 2574 482 2628 cie.
495 2574 615 2647 Philipp.
659 2575 729 2630 nihil
743 2593 795 2646 pro
813 2575 889 2628 solita
908 2573 1020 2628 stultitia
1035 2575 1098 2645 egit.
1112 2574 1171 2628 Neu

110 2649 164 2714 111,
178 2657 210 2721 63
221 2652 347 2707 Academ.
362 2655 413 2719 lv,
429 2655 479 2719 285
497 2654 615 2708 Lactaut.
661 2654 783 2709 Valerius
799 2667 888 2708 noster
902 2654 1052 2724 improbare
1064 2651 1170 2707 ridetur

109 2729 167 2794 111,
189 2731 242 2799 23,
263 2751 290 2803 7.
311 2734 388 2786 Inter
407 2733 457 2786 alia
478 2730 619 2786 dementire
659 2733 1170 2805 Tuditanitestrrueutuur‚ntexpriuris

109 2809 236 2864 Tudituai
253 2813 327 2883 rigua
340 2823 368 2865 et
380 2810 449 2865 iIIud
464 2811 529 2876 fuit,
544 2809 618 2883 quod
660 2813 748 2867 verbis
767 2812 899 2883 sequentis
915 2811 1028 2883 exempli
1045 2823 1170 2883 appeten

107 2888 333 2958 quemedmodum
345 2892 373 2944 iu
383 2889 514 2961 tragodiis
524 2890 617 2950 fiebat,
660 2893 700 2946 ibi
713 2892 786 2946 enim
801 2890 915 2964 opponit
929 2891 999 2942 iuter
1019 2907 1046 2942 se
1061 2888 1170 2943 demen-

108 2985 203 3036 syrura
216 2981 281 3038 tuga
294 2969 391 3022 infore
406 2969 492 3021 traxit.
507 2967 618 3020 Furioso
662 2983 715 3024 tem
734 2969 861 3024 Tuditani
885 2968 983 3031 vitam,
1005 2981 1032 3021 et
1053 2969 1173 3022 AEbucioe

107 3057 138 3098 et
157 3049 241 3099 m
255 3047 367 3118 alioquin
381 3047 471 3102 testari
485 3065 541 3100 non
556 3046 620 3100 lice·
663 3050 757 3102 tabulas
766 3050 898 3100 mummi
905 3045 1095 3116 pkuerfiuuris.
1108 3047 1174 3102 Huc

107 3128 165 3180 her.
664 3141 751 3182 tamen
760 3128 869 3180 alteram
879 3124 963 3178 filiam
976 3123 1101 3178 heredem
1111 3127 1173 3178 acri-

151 3228 177 3260 a.
191 3206 433 3276 Testamentofitiam.
444 3206 519 3259 Hanc
527 3205 620 3258 lectio·
663 3207 812 3278 pserat.1ta
826 3203 893 3276 quid
906 3215 1029 3275 putamus
1035 3204 1173 3258 Valerium

108 3304 253 3357 nemque
265 3287 294 3339 in
303 3285 365 3340 edd.
379 3299 443 3340 vett.
459 3297 486 3338 et
497 3285 624 3338 omnibns
664 3285 699 3339 de
705 3283 840 3340 Tuditano
850 3282 985 3338 dicturum
993 3283 1087 3348 uim,
1097 3285 1118 3338 ri
1125 3303 1175 3336 non

107 3364 185 3417 MSS.
199 3377 297 3432 exstat,
308 3366 432 3436 Kappius
443 3365 623 3430 revocavit,et
659 3365 751 3437 filium,
770 3363 816 3418 sed
834 3362 947 3433 Ορδιω,
961 3363 1098 3416 homiuem
1110 3363 1174 3418 elie·

106 3446 288 3514 conjecturam
310 3443 411 3516 nipast,
433 3461 513 3515 quarn
534 3443 621 3498 Coler.
666 3465 749 3510 num,
763 3441 887 3498 heredem
903 3442 1047 3514 scripsisset
1065 3455 1092 3496 et
1112 3461 1173 3496 suos

108 3523 201 3576 Vorsa
216 3537 244 3577 et
257 3525 373 3576 Torren.
389 3535 560 3594 acceperant,
575 3541 623 3576 ne·
667 3519 1175 3592 exheredarettsedpnquimirudite

104 3603 198 3671 glexit.
206 3604 348 3674 Ingeniosa
356 3601 464 3674 quidem
470 3602 555 3674 Lipsii
562 3619 624 3656 con·
667 3622 717 3656 nus
730 3602 815 3656 filium
829 3597 954 3654 heredem
968 3599 1090 3671 scripsit,
1111 3619 1175 3666 cur,

103 3683 227 3750 jectura,
238 3701 288 3738 nec
300 3700 400 3735 nomen
411 3679 485 3752 Ofilii
493 3681 622 3753 ignomm.
668 3701 773 3754 queso,
786 3681 847 3734 Tib.
868 3681 975 3750 Longus
992 3691 1176 3733 testamentum

104 3761 158 3814 Sed
169 3764 219 3833 qui
229 3760 401 3814 Perizonium
410 3759 525 3814 adhunc
535 3761 625 3814 Iocum
668 3774 788 3816 evertere
800 3759 899 3822 voluit,
911 3777 994 3829 quum
1008 3770 1095 3814 tamen
1111 3759 1176 3812 scire

102 3854 131 3893 et
142 3842 173 3894 iu
185 3839 251 3894 diss.
267 3839 302 3894 de
314 3841 372 3912 Iege
382 3839 501 3894 Voconia
515 3840 624 3911 legerit,
669 3840 794 3904 deberet,
808 3837 981 3892 hereditatem
991 3835 1027 3890 rd
1041 3855 1069 3890 se
1083 3847 1175 3909 pervsae

102 3921 125 3972 is
140 3933 220 3973 certe
235 3918 270 3973 de
285 3919 397 3974 veritate
416 3919 536 3974 lectionis
546 3918 625 3988 filium
669 3921 728 3974 nire
745 3939 801 3972 nun
817 3916 913 3990 posse?
929 3917 1017 3988 IIspp.
1035 3915 1180 3988 respondet

101 3999 147 4054 vix
169 3997 327 4065 dubitabit,
346 4012 372 4052 et
396 3997 504 4068 Ofidrim
523 3996 557 4052 de
572 4017 626 4070 quo
670 4019 731 4053 cum
746 3998 904 4052 Perizonio:
919 4009 964 4049 aut
976 3997 1057 4049 iratus
1067 3996 1119 4048 fuit
1130 3994 1179 4046 ho-

101 4099 158 4133 non
176 4078 310 4149 cogitarit
323 4077 487 4144 Tuditanus,
501 4077 558 4132 sine
571 4077 626 4130 he·
671 4079 755 4140 mini,
770 4091 815 4131 aut
826 4079 882 4148 ipse
894 4077 1008 4146 legatum
1019 4085 1182 4144 exspectare·

101 4161 238 4213 eitatione
250 4157 346 4227 ejiciet.
359 4156 523 4220 Tuditanus,
535 4169 627 4210 cratera
670 4171 730 4222 rat,
746 4171 791 4211 ant
806 4155 878 4210 aliud
893 4155 1029 4226 antiquins
1042 4163 1181 4206 testamen-

36 4229 38 4280 ἶ
101 4240 240 4302 insanu„
257 4238 286 4290 in
308 4235 449 4291 condendo
472 4249 627 4292 testamento
670 4251 728 4290 tum
734 4236 1183 4308 prosehabebat;nequeteatamen·

944 4325 989 4424 ,³
