3152 5134
196 475 302 542 CAP.
333 475 431 560 VII,
458 477 527 544 DE
554 477 766 546 rustum.
796 479 1057 552 RESCISSIS.
1129 491 1178 580 [19

122 604 285 699 republica
303 606 550 701 absumpserat,
563 610 723 677 maximos
744 609 871 680 labores
887 628 920 681 et
936 613 1077 707 plurima
1094 621 1178 711 peri·

121 711 188 780 cula
207 710 423 799 toleraverat,
438 711 576 782 adverso
594 738 734 808 corpore
753 733 906 810 exceptas
923 721 1117 791 ostendebat
1134 728 1179 793 ci·

120 819 272 904 catrices,
293 833 326 888 et
347 816 558 912 postulabat,
581 842 625 888 ue
646 826 756 914 auitos
776 822 848 913 eJirs
869 825 959 893 lares
979 833 1096 910 obora
1114 837 1182 924 r'psr'

120 922 191 992 urbi
203 947 315 992 onera
322 923 549 1019 possederant.
566 927 682 1019 Itaque
697 927 852 1021 depositis
867 933 967 1000 armis
981 948 1115 1003 coactus
1130 951 1179 1006 est

120 1028 149 1096 in
167 1027 247 1097 foro
266 1027 432 1124 togatam¹
451 1030 579 1124 ingredi
602 1029 759 1100 militiam.
786 1034 924 1103 Acerbe.
945 1040 1030 1106 Cum
1055 1041 1178 1135 impro-

121 1133 258 1204 bissimis
278 1137 367 1204 enim
387 1135 561 1205 heredibus
581 1134 621 1204 de
639 1139 784 1231 paternis
803 1139 899 1210 bonis
916 1143 1005 1235 apud
1028 1159 1177 1216 centum·

121 1237 226 1318 riros²
248 1240 440 1328 contendit;
464 1241 681 1334 omnibusque
707 1268 775 1311 non
801 1243 907 1314 solum
929 1247 1071 1318 consiliis
1080 1235 1104 1338 ³,
1122 1253 1178 1320 sed

121 1348 210 1415 ctiam
232 1348 422 1433 sententiis,
441 1349 589 1442 superior
610 1347 764 1418 discessit

168 1479 199 1522 n.
223 1453 314 1520 Item
330 1455 377 1522 M.
395 1441 540 1522 Anneii⁴
559 1453 767 1542 Carseolani,
788 1454 1040 1550 splendidissimi
1061 1464 1179 1556 equitis

120 1561 263 1644 romani,
277 1555 380 1643 filius,
395 1582 416 1627 a
433 1558 588 1628 Sufenate
608 1559 773 1629 avunculo
792 1587 852 1630 suo
873 1563 1064 1657 adoptatus,
1079 1581 1177 1637 testa-

122 1679 267 1732 mentum
288 1662 445 1734 naturalis
461 1666 580 1758 patris,
597 1690 664 1759 quo
684 1668 867 1760 praeteritus
888 1684 978 1756 erat,
993 1673 1083 1765 apud
1102 1698 1178 1744 cen-

122 1771 277 1838 tumviros
296 1767 445 1858 rescidit,
464 1795 566 1864 quum
583 1771 618 1839 in
636 1795 675 1840 eo
695 1771 886 1860 Tullianus,
900 1777 1046 1870 Pompeii
1063 1781 1178 1874 Magni

121 1872 304 1963 familiaris,
322 1877 393 1971 ipso
407 1874 538 1969 quidem
553 1879 710 1972 Pompeio
728 1879 910 1972 signatore,
924 1878 1020 1950 heres
1038 1887 1177 1978 scriptus

123 1996 216 2068 esset3
236 1982 347 2074 itaque
369 1979 443 2078 plus
463 1980 510 2050 illi
532 1981 708 2075 injudicio
732 2009 808 2053 curn
833 1983 1092 2056 excellentissimi
1115 1993 1177 2058 viri

122 2089 346 2181 gratia,quam
362 2112 437 2156 cunr
452 2089 596 2181 parentis
613 2089 776 2159 cineribus
790 2092 912 2184 negotii
927 2090 1006 2160 fuit:
1022 2109 1177 2163 caeterum

123 2195 264 2284 quarnvis
289 2207 429 2286 utraque
453 2193 524 2262 haec
552 2193 708 2264 adversus
736 2220 812 2264 eum
834 2196 1043 2286 nitebantur,
1066 2214 1177 2270 tamen

124 2313 252 2389 paterna
268 2298 359 2368 bona
375 2299 536 2386 obtinuit3
555 2323 631 2368 nam
646 2304 684 2371 L.
700 2300 831 2396 quidem
847 2301 998 2372 Sextilius
1014 2318 1047 2372 et
1059 2307 1094 2373 P.
1108 2310 1176 2377 Po-

161 2509 184 2544 ι.
207 2494 335 2563 Togatam.
354 2492 575 2562 Disceptatiouem
597 2503 624 2544 et
648 2491 724 2543 'eilia
727 2493 822 2562 judicia
831 2491 935 2564 duplicia
943 2493 1176 2557 vocat,undeGes-

122 2572 333 2636 controversiam,
346 2583 376 2624 ut
389 2571 417 2623 in
432 2568 625 2641 soroapudju·
666 2589 746 2624 uerus
768 2572 857 2624 statuit
878 2570 1009 2643 judicium
1029 2577 1175 2628 centumvi-

121 2647 187 2704 dices
197 2650 231 2703 de
245 2652 361 2722 paternis
373 2651 450 2704 bonis
462 2648 571 2704 diceret.
666 2651 720 2702 rtle
740 2669 931 2722 nonnunquam
953 2656 978 2703 ia
996 2653 1057 2704 draus
1077 2667 1173 2723 partes,

159 2749 184 2782 a.
199 2731 368 2783 Cenmmrims.
386 2731 449 2782 Erat
461 2730 624 2781 centumvirale
666 2747 777 2798 qrraruru
785 2732 1174 2802 unaquequelrartamsibisuam

113 2809 244 2876 judiciter,
266 2810 309 2862 etri
329 2811 399 2862 inter
419 2809 469 2862 alia
491 2808 623 2880 praecipue
665 2807 774 2861 baberet
789 2810 950 2862 auctoritatis
970 2811 1089 2881 signum,
1104 2811 1173 2863 diri-

119 2889 301 2940 controversia
310 2887 342 2941 de
351 2887 541 2942 hereditatibus
551 2886 623 2940 defe-
666 2907 722 2940 sum
734 2907 796 2940 csse.
811 2889 906 2942 Sensus
919 2891 1106 2941 autemValerii
1122 2903 1173 2954 est,

119 2966 256 3018 rebantur.
267 2967 304 3018 Ex
310 2967 412 3020 XXXV
420 2967 550 3030 tribubus,
558 2980 624 3038 quot
665 2968 776 3020 militem
787 2985 841 3019 uon
849 2967 929 3019 modo
937 2987 968 3019 ex
977 2971 1103 3020 sententia
1113 2989 1173 3045 qua·

116 3045 622 3117 nempeerantinurbe‚ternieligeban-
666 3057 720 3098 tuor
728 3046 885 3115 judiciorum.
902 3044 948 3099 sed
963 3047 1041 3098 etiarn
1056 3048 1172 3117 singulo·

116 3137 204 3178 turex
213 3143 366 3197 unaquaque
375 3123 525 3196 judices,et
535 3143 624 3194 qrram·
665 3145 725 3177 rum
736 3123 855 3194 judicum
873 3125 1037 3177 unanimium
1053 3128 1173 3196 superio·

115 3205 155 3257 ris
168 3204 256 3274 plures
267 3219 366 3268 essent,
379 3217 470 3258 eentum
483 3215 569 3256 tamen
582 3209 622 3255 oi·
665 3223 721 3256 rem
734 3201 887 3256 discessisse.

115 3303 193 3336 resurr
206 3303 301 3338 nomen
316 3286 493 3338 retinuerunt.
510 3283 624 3336 Prcerat
705 3289 731 3346 4.
751 3282 849 3334 Armes.
870 3283 968 3334 Forsan
987 3281 1089 3336 Annius
1106 3285 1171 3350 luit,

113 3365 358 3434 praetumebat,
373 3363 418 3435 qui
433 3361 534 3415 bartam
548 3375 622 3414 tene·
664 3360 698 3414 de
713 3380 766 3432 quo
776 3361 830 3414 Cic.
847 3360 881 3414 ad
895 3364 949 3414 Att.
961 3360 997 3425 V,
1015 3369 1041 3425 4.
1050 3393 1091 3404 -
1104 3365 1172 3415 Proe·

113 3443 168 3508 bat,
174 3441 621 3515 pracipunmjudiciorumsignum,
665 3445 754 3493 teritus.
769 3441 846 3492 Pater
861 3459 922 3494 eum
936 3453 1092 3494 testamento
1107 3462 1172 3514 prae·

112 3535 142 3574 ut
156 3522 193 3574 ait
207 3523 297 3576 festus
310 3523 460 3592 Pompeius.
471 3518 550 3572 Unde
560 3539 622 3573 cen·
663 3520 782 3583 retieret,
801 3521 862 3590 quia
889 3521 917 3573 in
942 3520 1020 3571 aliern
1044 3521 1169 3574 familiam

112 3600 620 3671 tumviralisbastalegiturinSuetonio.
663 3600 809 3652 transierat.
832 3631 872 3643 -·
894 3599 1006 3652 Rescidit.
1029 3600 1170 3665 Quomodo

112 3679 177 3734 virt
188 3681 258 3736 Ptin.
274 3682 323 3734 lib.
334 3683 364 3743 Ι,
378 3699 420 3752 ep.
436 3679 450 3732 ⁵
460 3717 468 3741 ‚
485 3673 500 3739 S
516 3684 541 3742 4.
664 3678 701 3731 Μ.
711 3677 806 3730 Anneii
816 3678 885 3732 lilius
896 3690 1080 3732 testamentum
1089 3683 1171 3750 putris

152 3761 180 3813 3.
204 3761 323 3814 Omnibus
344 3779 391 3811 noir
413 3759 488 3810 solum
507 3759 620 3810 consiliis.
663 3755 1172 3834 rescinderepotuerit,optimecxplieat

111 3839 223 3891 (basilia
230 3840 353 3893 Valerius
360 3839 544 3908 nominatquae
552 3837 620 3890 Plin.
665 3835 850 3907 Schultiugius.
867 3869 906 3880 -
923 3837 1059 3905 Signatum.
1079 3839 1170 3891 Testa·

107 3931 134 3972 et
146 3919 264 3984 Quintil.
274 3919 371 3988 judicia
380 3930 493 3981 vocant,
508 3917 621 3987 quorum
664 3929 751 3970 menta
765 3930 864 3986 septem
878 3918 986 3970 testibus
999 3917 1170 3988 presentibus

105 3999 250 4067 pumirs
256 3999 376 4050 unoloco
383 3997 622 4066 cougregatsluissc
665 3994 854 4062 condebantur,
864 4010 890 4049 et
901 4015 992 4048 eorum
1004 3998 1112 4066 quisque
1125 4015 1171 4047 an·

104 4090 231 4148 apparet.
248 4078 359 4143 Quintil.
373 4089 460 4130 tamen
478 4094 507 4128 ea
521 4079 546 4127 r'rr
563 4075 622 4127 duas
665 4075 729 4127 nolo
744 4093 820 4128 snum
834 4077 936 4146 signum
954 4086 1107 4127 testamento
1125 4075 1173 4128 im·

105 4157 193 4208 lenm
207 4156 293 4210 divisa
308 4175 363 4210 esse
380 4157 429 4220 ait,
447 4167 473 4208 et
492 4159 620 4208 centumvi-
666 4154 803 4225 primebat.

162 4243 216 4308 11.
970 4238 992 4318 lr
