3110 5134
375 525 425 598 66
541 522 768 622 vinnan
795 521 1004 589 naxrur
1031 523 1127 590 mn.
1155 523 1267 591 v111.

372 657 544 754 ampliata,
557 671 590 726 et
603 655 644 725 ad
659 653 811 723 ultimum
826 665 945 722 octavo
956 653 1081 747 juditio
1103 649 1255 724 absoluta
1272 668 1322 722 est
1337 678 1344 722 :
1359 657 1436 748 quia

372 765 522 836 homines
539 761 767 858 sapientissimi
783 759 1001 844 verebantur,
1022 783 1064 828 ne
1081 762 1255 855 praecipuae
1272 775 1438 831 accusato·

372 875 418 942 ris
438 868 645 965 amplitudini
662 867 829 935 damnatio
847 865 918 960 ejus
938 865 1061 935 donata
1076 867 1328 936 existimaretur.
1341 869 1437 957 Quos

372 979 443 1050 haec
456 1001 568 1047 secum
578 973 733 1069 loquutos
743 971 957 1042 crediderim:
977 972 1169 1043 «Nolumus
1187 987 1288 1067 caput
1302 971 1437 1044 alterius

370 1098 558 1180 petentem,
583 1083 617 1148 in
639 1079 800 1173 judicium
822 1077 1009 1174 triumphos
1032 1092 1067 1146 et
1087 1093 1232 1172 tropaea,
1249 1078 1437 1175 spoliaque,

369 1215 408 1261 ac
423 1190 626 1259 devictarum
646 1187 782 1253 navium
805 1197 911 1253 rostra
931 1183 1079 1272 deferre3
1098 1183 1253 1254 terribilis
1272 1186 1313 1254 sit
1331 1187 1360 1256 is
1379 1185 1437 1256 ad-

369 1321 484 1366 versus
505 1295 636 1363 hostem
657 1317 665 1360 :
684 1291 765 1359 civis
783 1315 864 1359 vero
883 1287 1038 1380 salutem,
1059 1305 1152 1360 tanto
1172 1289 1302 1386 fulgore
1323 1290 1437 1386 gloriae

370 1404 548 1488 subnixus,
567 1424 611 1467 ne
630 1399 863 1492 insequatur.»

428 1559 483 1605 12.
508 1535 591 1601 Tam
617 1527 849 1600 vehementes¹
870 1527 996 1624 judices
1019 1528 1176 1599 adversus
1199 1527 1435 1600 excellentissi-

366 1668 460 1716 mum
484 1651 726 1724 accusatorem,
744 1660 844 1730 quam
862 1635 958 1704 mites
974 1637 1008 1704 in
1030 1633 1130 1730 longe
1148 1635 1310 1706 inferioris
1329 1635 1434 1706 fortu-

368 1775 419 1818 nae
437 1743 509 1816 reol
528 1743 674 1816 Calidius
690 1742 904 1812 Bononiensis
923 1743 956 1810 in
972 1741 1125 1811 cubiculo
1140 1744 1247 1810 mariti
1266 1756 1370 1812 noctu
1384 1743 1439 1813 des

368 1854 570 1950 prehensus,
589 1875 690 1946 quum
716 1849 760 1917 ob
784 1847 817 1917 id
843 1872 974 1916 causam
1002 1847 1153 1917 adulterii
1177 1848 1324 1936 diceret,
1349 1851 1436 1920 inter

367 1963 527 2031 maximos
539 1972 572 2026 et
585 1956 795 2052 gravissimos
811 1953 954 2023 infamiae
969 1955 1088 2024 fluctus
1103 1957 1252 2041 emersit,
1264 1969 1436 2051 tamquam

368 2069 590 2164 fragmentum
613 2061 794 2156 naufragii,
815 2059 886 2129 leve
908 2060 1088 2130 admodum
1110 2086 1213 2156 genus
1235 2061 1436 2133 defensionis

367 2173 537 2268 amplexus
550 2197 560 2253 ς
579 2167 759 2238 affirmavit
774 2169 861 2236 enim
879 2193 917 2236 se
933 2166 979 2236 ob
994 2192 1145 2238 autorem
1155 2173 1262 2263 pueri
1273 2167 1380 2238 sentu'²
1394 2196 1435 2239 eo

369 2307 443 2350 esse
452 2277 662 2375 perditonem.
678 2277 858 2369 Suspectus
871 2289 942 2343 erat
955 2273 1065 2363 locus,
1077 2287 1268 2368 suspectum
1284 2289 1436 2369 tempu5‚

368 2399 519 2480 suspecta
533 2383 646 2452 matris
659 2379 787 2449 familiae
800 2403 958 2474 persona,
972 2395 1125 2476 suspecta
1135 2382 1234 2450 etiam
1249 2378 1438 2452 adolescen-

368 2495 414 2561 tia
433 2493 557 2587 ipsius:
579 2487 636 2562 sed
657 2489 783 2576 crimen
802 2471 966 2557 libidrnrs³
989 2487 1152 2558 confessio
1171 2489 1438 2582 intemperantiae

369 2599 529 2669 liberavit

428 2729 482 2802 13.
499 2728 707 2798 Remissioris
725 2727 810 2814 hoc,
825 2725 905 2797 illud
923 2726 1090 2823 aliquanto
1109 2728 1268 2822 gravioris
1286 2731 1440 2798 materiae

368 2941 503 3000 translatio
516 2959 532 2994 a
546 2937 743 3010 gladiatoribus.
763 2967 803 2978 --
814 2937 878 2989 Am·
920 2935 984 3007 phio
996 2937 1107 3008 priores.
1117 2938 1198 2990 Recte
1212 2955 1275 3008 ergo
1286 2939 1443 2994 Torreniua
1461 2933 1468 2946 ⁸

365 3027 452 3097 plinta.
475 3023 550 3074 Inter
571 3015 878 3089 comperendinationem
921 3015 1051 3078 restituit,
1065 3015 1398 3088 quumPighins,Colerua
1413 3031 1445 3072 et

369 3117 396 3160 et
407 3102 558 3174 ampliatam
574 3115 679 3152 canaam
689 3098 741 3150 boc
756 3097 878 3149 intereat:
922 3095 1013 3149 Vont.
1028 3095 1163 3150 dedissent
1178 3109 1227 3148 taur
1240 3097 1387 3150 adamam
1407 3099 1445 3150 lai

371 3180 594 3253 comperendinatio
614 3190 670 3242 est,
690 3195 775 3248 quum
797 3177 879 3230 altera
916 3175 1054 3246 jadias...
1067 3195 1138 3249 quam
1157 3177 1195 3228 illi
1216 3179 1289 3229 mites.
1308 3175 1446 3232 Valerius

369 3255 879 3332 tantumpartinrnpetit,utinalternan
922 3253 994 3308 baud
1011 3253 1094 3320 dicit,
1114 3255 1229 3310 iidemne
1245 3252 1348 3326 judices
1373 3257 1447 3310 fue·

367 3343 441 3396 diem
451 3337 582 3411 judiciuin
594 3333 744 3390 differatur,
759 3353 791 3386 eo
805 3332 879 3404 quod
921 3333 990 3399 rint,
1000 3353 1033 3388 an
1042 3335 1104 3399 alii,
1114 3334 1161 3388 aed
1171 3347 1272 3388 tantum
1280 3333 1359 3388 nobis
1369 3349 1448 3390 ante

370 3421 457 3479 dicat,
476 3413 576 3489 judiees
595 3431 699 3468 eausam
720 3431 774 3466 non
795 3414 879 3483 probe
921 3415 1012 3467 oculos
1031 3415 1123 3486 ponit,
1137 3413 1239 3484 judices
1256 3413 1335 3468 tuine
1351 3416 1451 3472 velae-

368 3499 528 3575 perspioere.
546 3494 674 3565 Ampliatn
692 3510 755 3545 vm
772 3511 844 3544 cerua
862 3511 877 3545 a
922 3505 1022 3546 mentes
1033 3491 1158 3547 adversus
1167 3493 1319 3566 Scipionem
1333 3513 1449 3550 acuun-

366 3578 500 3654 judicibua
525 3573 689 3646 protrahitur
711 3589 717 3623 :
746 3570 878 3626 intellecta
921 3573 1096 3639 meminiret
1108 3591 1172 3626 vero
1183 3575 1212 3627 in
1224 3573 1328 3628 Calidio
1339 3595 1397 3630 κο.
1413 3579 1453 3630 In

368 3661 455 3722 enim,
467 3657 491 3709 si
503 3656 572 3726 juata
587 3666 640 3718 eat,
659 3669 721 3705 reus
737 3651 876 3705 confestim
922 3672 962 3704 reo
975 3667 1026 3710 est.
1039 3665 1132 3706 contra
1146 3671 1232 3707 reum

368 3737 526 3799 absolvitur,
541 3733 654 3796 simale,
668 3730 756 3784 atatim
771 3729 877 3784 damna·
964 3751 991 3786 a.
1016 3731 1093 3786 Serri.
1115 3732 1174 3786 linc
1197 3733 1295 3786 levarit
1314 3733 1454 3802 crimen,

350 3841 353 3848 ·
368 3833 429 3883 tur;
444 3816 534 3870 sinon
548 3813 661 3883 liqueat,
675 3811 705 3862 in
723 3808 797 3862 aliud
809 3822 877 3863 tem·
921 3810 995 3883 qnod
1007 3812 1137 3884 ingenuus
1145 3831 1212 3882 puer
1226 3831 1282 3866 nou
1295 3825 1376 3868 estet.

368 3893 610 3972 pusdislertur.1n
624 3891 677 3944 boc
688 3901 806 3942 extrem
822 3901 877 3942 ute·
963 3891 1456 3963 submontanievociinquibmd.

368 3981 465 4032 bantur
481 3971 577 4028 litteris
593 3971 627 4024 N.
643 3971 674 4023 1..
692 3963 874 4046 (noctipetae),
920 3968 981 4024 edd.
1002 3969 1145 4024 additum:
1162 3971 1283 4024 adulterii.
1302 3971 1357 4025 Sed
1382 3975 1460 4034 hnc

367 4077 431 4130 quaa
446 4053 542 4110 tabulis
557 4049 744 4104 inscribebant.
919 4061 959 4104 eat
973 4052 1057 4121 glossa
1072 4050 1185 4104 utrum.
1201 4049 1299 4104 Libido
1318 4055 1461 4112 sumimu-

411 4128 878 4200 1.Tamvotmnrujadtces....quam
920 4147 970 4201 pro
990 4129 1135 4197 adulterim
1156 4129 1364 4202 intemperantia
1394 4154 1462 4208 pm

367 4221 441 4269 mitta.
459 4216 501 4268 Sic
514 4229 606 4266 omnen
618 4209 694 4266 MSS.
711 4219 738 4261 et
752 4205 812 4260 edd.
832 4207 877 4259 Pi·
920 4205 1019 4264 ttetda‘at
1032 4211 1103 4280 (pust
1119 4211 1237 4280 ponitur.
