3152 5134
213 501 309 568 CAP.
337 501 407 586 111,
434 501 496 568 DE
522 500 670 567 VAFRE
698 501 814 568 DICT.
842 503 934 570 AUT
960 503 1081 571 FACT.
1144 504 1191 576 23

186 631 220 701 8.
244 633 388 702 Veniam
410 655 498 700 nunc
520 630 562 699 ed
583 655 656 716 eos,
679 631 798 724 quibus
817 633 903 702 selus
922 637 1040 703 astutia
1060 637 1193 728 quoesitn

133 751 180 808 est
189 735 212 805 ¹.
223 737 431 808 M.Volusius
442 736 542 806 edilis
555 735 673 829 plebis²
684 739 902 832 proscriptus,
914 755 1082 834 assumpto
1100 743 1194 811 Isiaci

133 844 266 931 habitu,
278 867 338 937 per
349 845 463 913 itinera
476 845 608 936 uiasque
620 841 767 937 publicas
780 846 896 938 stipem
908 860 1033 939 petens,
1044 847 1193 940 quisnam

135 973 251 1017 revera
265 964 366 1036 esset,
377 963 587 1020 occurrentes
600 948 791 1042 dignoscere
806 974 921 1043 pessus
933 975 1000 1020 non
1013 966 1078 1020 est:
1090 977 1194 1046 eoque

135 1053 272 1124 lallnciae
290 1080 409 1150 genere
430 1070 553 1141 tectus,
567 1056 600 1124 in
619 1056 666 1122 Μ.
689 1056 782 1123 Bruti
801 1070 907 1124 cestra
926 1058 1083 1150 pervenit.
1104 1057 1195 1146 Quid

136 1159 186 1228 ille
203 1163 402 1254 necessitate¹
414 1162 578 1246 miserius,
638 1184 664 1228 ω
678 1162 905 1254 magistratum
920 1162 1033 1256 populi
1051 1166 1195 1249 romani,

137 1267 267 1358 abjecto
288 1267 423 1336 honoris
442 1280 598 1360 praetexto
623 1265 833 1360 ‚alienigene
851 1266 1014 1360 religionis
1037 1267 1195 1338 obscura·

139 1387 205 1440 tum
228 1373 435 1466 insignibus,
456 1397 517 1466 per
534 1373 651 1450 urbem
669 1373 764 1464 jussit
786 1371 955 1441 incedere?
974 1361 1118 1442 Οηιῐιθε4
1140 1390 1198 1442 cut

138 1477 168 1546 hi
191 1503 261 1546 suae
282 1481 374 1563 vitae,
397 1492 454 1546 aut
475 1476 519 1545 illi
548 1476 659 1546 alienae
681 1479 795 1546 mortis
818 1477 948 1571 cupidi,
970 1481 1026 1572 qui
1047 1477 1123 1548 talin
1145 1479 1196 1550 vel

141 1585 200 1677 ipsi
221 1585 464 1669 sustinuerunt,
484 1580 537 1650 vel
556 1582 636 1652 elios
658 1585 786 1677 perpeti
804 1599 991 1677 coegerunt.

194 1712 231 1782 9.
249 1687 424 1782 Aliquanto
445 1673 640 1782 speciosius⁵
658 1690 758 1756 Sentii
776 1690 942 1757 Saturnini
961 1689 1145 1760 Vetulionis
1163 1692 1197 1758 in

143 1793 256 1862 eodem
279 1818 398 1886 genere
416 1817 528 1880 casus,
545 1792 666 1864 ultimae
686 1796 781 1862 sortis
799 1793 970 1863 auxilium:
986 1798 1042 1887 qui
1057 1820 1159 1888 quum
1178 1821 1197 1864 a

141 1900 321 1968 triumviris
342 1901 429 1966 inter
449 1900 652 1994 proscriptos
667 1924 787 1968 nomen
802 1923 897 1968 suum
912 1901 1116 1994 propositum
1140 1926 1196 1970 au·

142 2005 254 2090 disset,
272 2006 431 2073 continuo
454 2019 603 2098 praeturae
620 2005 757 2100 insignia
771 2006 902 2088 invasit,
924 2004 1197 2097 precedentibus·

144 2113 247 2204 quein
260 2110 399 2179 modurn
415 2108 566 2180 lictorum
579 2125 612 2180 et
624 2103 848 2205 apparitorum
859 2108 1065 2204 publicorum
1078 2097 1196 2180 servis⁶

183 2341 207 2375 1.
225 2322 338 2390 Quoest'ra
350 2333 393 2374 est.
403 2321 453 2372 An.
464 2321 499 2372 U.
514 2337 580 2390 7¹⁰·
594 2321 648 2390 Ap·
691 2319 753 2388 legit
768 2318 885 2379 olims,
901 2315 973 2389 quod
987 2319 1081 2390 accipit
1093 2319 1199 2372 Perizo-

143 2400 358 2470 penitencie.
374 2401 423 2452 1V.
691 2399 752 2450 nius
772 2409 799 2452 et
817 2416 872 2450 uon
891 2398 1024 2469 improbet
1038 2399 1199 2463 Torrenius,

183 2500 209 2532 ι.
229 2480 327 2533 AEdilr's
339 2479 424 2549 plebis.
440 2479 523 2530 Erant
535 2477 650 2529 curulese
693 2477 752 2546 quia
762 2475 856 2548 frigere
865 2477 990 2530 sententie
1000 2475 1104 2530 ridetur
1114 2479 1135 2529 si
1144 2479 1200 2530 vnl-

143 2560 273 2630 patriciis,
286 2560 333 2632 qui
344 2559 405 2612 sella
417 2557 502 2612 curuli
512 2596 520 2621 ,
531 2568 557 2607 et
564 2555 652 2626 plebeii
693 2568 751 2626 gnte
766 2555 844 2608 lectio
858 2569 983 2610 servetur.
998 2555 1049 2608 Sed
1065 2557 1158 2628 optimi
1174 2569 1200 2610 et

143 2637 235 2700 ediles,
245 2639 380 2710 pracipue
393 2635 593 2700 cereales,veluti
602 2635 651 2686 rni-
693 2633 866 2704 antiquissimi
876 2633 952 2687 codd.
964 2635 1061 2687 habent
1070 2655 1204 2687 omnes—¹

142 2718 220 2769 nistri
244 2719 431 2780 tribunorum,
452 2715 498 2786 qui
524 2714 653 2767 subselliis
694 2713 1202 2767 Aut.MSS.habentautem.Sednecesse

143 2808 248 2848 tantum
257 2799 407 2849 utebantur.
418 2795 473 2847 Sub
485 2793 651 2846 tribunorum
694 2794 803 2846 omnino
823 2806 878 2858 est,
898 2791 1085 2864 disjunctivum
1104 2807 1147 2846 out
1161 2794 1201 2846 bis

146 2875 230 2926 tutele
242 2877 330 2928 noceri
338 2875 390 2928 illis
399 2893 460 2926 raro
471 2870 651 2944 poteret.Vid.
694 2873 773 2944 poni,
782 2871 917 2944 quomodo
927 2886 1018 2925 moret
1029 2873 1139 2925 alterum
1150 2871 1203 2926 dir·

147 2954 262 3024 Dionys.
273 2956 327 3018 V13
341 2954 397 3006 Liv.
408 2953 478 3016 vn,
489 2970 512 3005 t.
522 2983 561 2994 --
570 2951 652 3004 Isiaci.
693 2952 842 3022 junctirurn
857 2953 903 3002 nel.
910 2951 1027 3022 positum
1037 2964 1082 3003 est.
1092 2983 1133 2994 -
1143 2949 1202 3004 Coe·

143 3033 249 3086 macne
264 3031 379 3088 neerdns
393 3046 432 3086 est
446 3029 523 3084 leidis
534 3032 654 3103 egyptia·
694 3043 787 3099 gerunt.
805 3032 917 3082 Damnat
930 3030 1039 3082 ulterius
1051 3042 1077 3082 et
1086 3030 1147 3094 hos,
1156 3031 1203 3100 qui

143 3131 200 3180 cnr,
214 3114 323 3165 fortasse
335 3111 464 3184 ejusdem,
475 3129 553 3182 quem
569 3110 654 3164 Greci
696 3110 756 3162 vitre
771 3109 882 3161 nimium
900 3107 993 3178 cupidi
1014 3126 1118 3160 ornnem
1133 3107 1206 3160 indi-

142 3193 280 3263 Δημήτερα
292 3204 319 3244 et
329 3193 388 3244 Itali
403 3191 526 3244 Cererem
538 3189 656 3242 nornine·
697 3187 821 3259 gnitntern
842 3200 868 3240 et
885 3185 1077 3258 turpitudinem
1092 3186 1204 3242 vitandis

143 3286 225 3335 runt,
245 3283 276 3324 ut
292 3273 344 3324 alio
364 3273 422 3324 loco
442 3283 481 3323 est
501 3269 655 3338 expositum.
699 3267 1031 3338 mortisgrntiesubirenon
1040 3265 1204 3332 dubitarunt,

142 3349 178 3403 Hi
199 3349 351 3404 sacerdotes
371 3369 419 3422 per
436 3349 529 3402 urbem
544 3361 569 3400 et
586 3347 656 3402 vicos
699 3359 724 3400 et
737 3348 850 3418 eos,qui
862 3347 952 3399 atienae
963 3344 1205 3410 mortisevidi‚ho·

141 3450 205 3484 cum
219 3433 299 3484 sistro
313 3429 403 3499 suffiri
420 3425 597 3482 mendicantes
615 3445 656 3478 so·
699 3426 782 3478 mines
797 3424 830 3478 nd
852 3444 909 3478 enm
927 3424 1104 3478 necessitatem
1119 3425 1205 3496 impu·

139 3509 253 3574 lebant,
274 3509 499 3580 pollicenterque,
522 3523 549 3558 se
571 3506 657 3558 tuum
700 3506 768 3570 lere,
782 3518 812 3557 ut
826 3506 881 3558 hec
896 3504 1024 3556 sustinere
1041 3515 1205 3574 cogerentur.

139 3588 339 3661 prvdicntnroe
354 3588 376 3640 ni
390 3586 497 3640 deretur
510 3586 589 3650 anis,
605 3586 659 3638 lere
701 3585 758 3649 Qua
774 3603 806 3636 ex
824 3596 897 3654 perte
914 3583 998 3653 carpit
1013 3583 1206 3636 triumuiratum

140 3682 170 3722 ut
178 3667 331 3722 recentiori
340 3685 395 3720 nvo
405 3664 524 3734 Cingeri,
536 3681 602 3735 quos
611 3665 661 3716 Bo-
703 3663 819 3724 Octavii,
831 3660 903 3732 quod
919 3679 1017 3714 rarum.

139 3747 238 3802 hunos
251 3747 332 3817 vulgo
346 3756 449 3798 vocent.
744 3742 771 3794 5.
791 3741 932 3810 Speciusius.
952 3741 1002 3793 An.
1021 3739 1056 3791 U.
1073 3759 1137 3808 710.
1154 3741 1207 3811 Ap-

182 3828 212 3880 3.
231 3827 369 3878 Pmterto.
380 3826 526 3876 Proetentum
537 3841 588 3891 pro
595 3841 660 3892 proe·
703 3821 810 3892 pierius,
820 3822 850 3872 B.
859 3820 890 3872 C.
899 3820 948 3876 tv,
957 3817 990 3870 de
1002 3818 1158 3888 Pomponio.
1170 3849 1210 3860 -

141 3918 224 3960 carru
236 3905 359 3958 occurrit
370 3904 449 3957 etiarn
469 3902 496 3954 in
512 3901 602 3954 Senec.
618 3919 660 3970 ep.
706 3899 846 3952 Velationis.
858 3898 919 3962 Quo
930 3899 1037 3950 nornine
1053 3896 1211 3950 discernitur·

138 3987 254 4048 Lxxu
268 3983 342 4038 Flor.
358 3986 381 4050 1,
400 3982 430 4046 5;
447 3994 473 4034 et
484 3980 578 4052 sepius
590 3977 662 4050 apud
705 3977 860 4031 aSaturm'uo
875 3977 978 4046 Apuleio
990 3973 1129 4046 perduelli.

138 4065 289 4118 Nostrum.
746 4060 773 4111 6.
787 4057 874 4110 Servis.
888 4058 967 4108 Recte
980 4056 1017 4108 sic
1027 4052 1110 4106 edidit
1120 4053 1211 4106 Vocet.

183 4150 213 4206 4.
243 4142 343 4195 Omnes.
359 4140 481 4194 schottus
492 4159 524 4194 ex
538 4150 589 4194 vet.
602 4135 661 4190 ood.
707 4154 767 4188 nam
778 4136 882 4188 Sentius
894 4133 1214 4186 Saturninusservossuos

1018 4225 1058 4303 2³
