3108 5136
204 553 306 620 CAP.
326 551 419 636 XII,
446 551 513 619 DE
542 551 696 618 Mour.
724 550 828 620 NON
856 551 1011 619 VULG.
1074 549 1143 648 193

140 709 172 780 7.
196 685 239 752 At
263 681 458 768 Pindarns¹,
479 705 582 777 quum
604 683 638 750 in
661 684 832 776 gymnasio
859 707 959 777 super
986 685 1147 778 gremium

93 791 193 885 pueri,
219 814 287 884 quo
316 791 412 858 unice
444 787 688 872 delectabatur,
717 790 824 883 capite
848 791 956 884 posito
984 791 1086 884 quieti
1116 815 1151 859 se
1179 831 1180 836 κ

93 895 241 983 dedisset,
260 921 327 965 non
346 897 437 991 prius
456 895 632 964 decessisse
651 897 803 991 cognitus
821 909 887 982 est,
904 919 1004 990 quam
1020 922 1152 992 gymna-

95 1003 214 1072 siarcba
241 1001 394 1072 claudere
416 1003 485 1096 jam
514 1027 591 1070 cum
617 999 727 1069 locum
754 992 904 1088 volente,
928 1003 1150 1098 nequidquam

95 1111 303 1178 excitaretur:
333 1110 387 1178 cui
416 1107 551 1203 quidem
578 1106 774 1176 crediderim
802 1107 917 1177 eadem
948 1107 1151 1208 benignitate
1250 1103 1253 1108 ¹

95 1214 223 1284 deorum
248 1229 282 1284 et
305 1228 435 1283 tantum
463 1215 600 1309 poeticae
624 1213 804 1299 facundia,
831 1227 864 1282 et
891 1229 959 1283 tam
987 1214 1154 1309 placidum

96 1322 161 1390 sitae
182 1321 283 1390 finem
302 1321 508 1391 attributum.
551 1376 553 1382 ,

124 1428 174 1498 ·8.
191 1429 285 1496 Sicut
304 1424 525 1521 Anacreonti²
548 1449 699 1521 quoque,
720 1427 871 1520 quamvis
893 1440 1015 1496 statum
1034 1427 1156 1497 huma-

98 1558 139 1602 nae
162 1535 238 1604 vitae
265 1533 402 1602 modum
430 1557 669 1629 supergress03
697 1557 794 1626 quem
822 1556 895 1602 uvae
922 1555 1026 1627 passa
1057 1559 1157 1604 succo

99 1653 204 1708 tenues
230 1653 264 1709 et
284 1638 382 1708 exiles
402 1641 522 1708 virium
547 1637 700 1734 reliquias
722 1638 917 1726 foventem,
945 1641 1042 1710 unius
1065 1643 1158 1734 grani

99 1746 289 1838 pertinacior
305 1747 340 1813 in
358 1744 457 1814 aridis
477 1745 628 1814 saucibus
648 1743 772 1813 humor
789 1744 982 1840 absumpsit.

144 1875 177 1946 9.
198 1854 342 1946 Iungam
358 1849 449 1932 illos,
469 1875 552 1951 quos
571 1866 605 1920 et
623 1852 851 1946 propositum,
870 1864 903 1918 et
933 1851 1040 1920 exitus
1063 1875 1160 1947 pares

100 1955 189 2026 lecit:
213 1956 298 2026 Milo
316 1958 550 2046 Crotoniates,
575 1981 677 2051 quum
703 1958 765 2024 iter
791 1956 913 2025 faciens
942 1981 1101 2051 quercum
1123 1960 1157 2027 in

101 2085 172 2156 agro
192 2065 306 2134 cuneis
326 2062 449 2132 adactis
469 2062 580 2132 lissam
600 2061 751 2148 vidisset,
767 2061 870 2130 fretus
889 2063 1030 2151 viribus,
1048 2088 1159 2134 acces-

102 2170 137 2236 sit
160 2169 202 2238 ad
231 2195 324 2255 eam,
346 2171 541 2262 insertisque
565 2167 718 2237 manibus
741 2165 897 2236 divellere
924 2184 1062 2239 conatus
1090 2187 1158 2240 est:

102 2299 173 2368 quas
200 2275 302 2344 arbor
332 2275 476 2344 excussis
504 2276 619 2344 cuneis
645 2276 680 2344 in
706 2299 798 2343 suam
823 2287 975 2344 naturam
1005 2293 1160 2348 revocata

103 2383 307 2477 compressit,
328 2405 470 2476 eumque
493 2405 570 2450 cum
595 2365 663 2448 tot³
688 2379 847 2475 gymnicis
870 2379 986 2476 palmis
1008 2381 1158 2453 laceran-

104 2485 172 2556 dum
196 2488 273 2558 feris
296 2486 445 2582 praebuit.
846 2501 863 2537 l

154 2618 207 2664 ro.
241 2598 329 2664 Item
354 2579 569 2688 Polydamas⁴
596 2591 719 2661 athleta
746 2606 940 2688 tempestate
968 2594 1157 2689 speluncam

104 2699 204 2770 subire
228 2714 381 2786 coactus,
410 2700 512 2769 nimio
538 2713 572 2767 et
597 2697 706 2767 subito
730 2699 866 2768 incursu
887 2723 979 2793 aquae
998 2699 1159 2775 labefacta

104 2829 136 2874 ea
151 2831 188 2878 ac
207 2821 343 2894 ruente,
365 2807 491 2876 caeteris
512 2805 686 2874 comitibus
712 2803 791 2897 fuga
814 2804 997 2900 periculum
1024 2809 1157 2878 vitanti-

141 3033 163 3068 ι.
178 3015 308 3068 endam.
324 3011 387 3065 vid.
403 3009 498 3065 Suidas
511 3022 538 3063 et
551 3010 604 3063 lle-
648 3021 735 3062 tamen
749 3009 874 3062 inusitato
884 3012 977 3062 mortis
989 3030 1085 3082 genere
1099 3028 1158 3070 tan-

103 3093 207 3160 sycbins.
220 3127 260 3137 -
272 3092 475 3164 Gymnmiamlra.
490 3086 554 3144 vid.
564 3107 606 3142 su·
648 3087 709 3140 dem
723 3089 815 3158 periit,
833 3085 897 3140 dnm
912 3107 990 3142 succo
1007 3109 1065 3145 nvn
1076 3113 1157 3166 passa

105 3189 159 3240 pn,
168 3175 220 3238 IX,
239 3193 291 3238 ro,
302 3184 356 3225 ext.
369 3191 396 3224 a.
647 3168 727 3220 exiles
735 3167 805 3220 vires
819 3167 908 3221 lovere
916 3167 1003 3223 vellet.
1016 3171 1100 3226 Status
1115 3177 1157 3228 lu.

140 3271 162 3304 a.
174 3255 331 3306 Anacreonti.
343 3254 375 3304 ln
385 3251 463 3311 Teio,
476 3248 555 3301 Sarno
564 3259 604 3301 at·
648 3265 725 3298 mana
732 3250 792 3300 oitoe
801 3247 883 3298 modiis
893 3260 932 3300 est
940 3261 1009 3314 antas,
1018 3270 1098 3323 quam
1107 3256 1156 3308 bo-

102 3349 149 3400 qne
161 3334 269 3386 Athenis
283 3330 371 3384 dulcia
380 3349 426 3382 sua
436 3329 552 3382 carmina
562 3345 605 3380 ce·
648 3327 732 3378 mines
745 3327 901 3398 plerumque
916 3327 1043 3401 attingere
1055 3335 1157 3402 solent,

101 3411 201 3466 cinerat.
223 3413 365 3464 Terminos
385 3410 507 3462 humanu
526 3408 604 3472 vitus,
647 3423 703 3458 non
715 3423 779 3458 vero
791 3409 865 3458 seculi
872 3411 985 3478 spartum.
1000 3411 1039 3463 uti
1049 3411 1156 3468 Parim.

101 3509 162 3560 qnos
175 3493 220 3544 uit
231 3491 377 3562 attingunt,
388 3492 444 3560 jam
456 3505 605 3560 supergres-
648 3485 708 3538 nius
720 3503 751 3538 ex
761 3487 887 3539 Petronio
894 3487 1016 3544 observat
1024 3509 1032 3555 ;
1041 3494 1091 3563 qni
1096 3493 1156 3548 ideo

101 3568 606 3638 mserat.Vid.Plin.V,7.—Quamvr's...
648 3566 745 3618 frustra
759 3565 874 3637 colligit,
888 3569 1083 3624 Anacreontem
1098 3575 1157 3648 plns

100 3669 256 3721 upergmso,
274 3671 343 3725 quem
352 3689 359 3705 .
369 3690 376 3704 .
388 3690 395 3703 .
405 3650 534 3716 flaventem.
549 3647 607 3699 Hoc
648 3657 755 3698 centnm
770 3647 845 3698 annis
857 3646 960 3700 vixisse.

101 3725 626 3803 ιΡίςῐιίι»εει,«[ιιειῐιοιιιιιιῑαιίἰὶιεῳιιιῑὶλ
698 3731 723 3778 3.
750 3725 798 3776 Tot
817 3730 933 3797 gynmkis
953 3729 1049 3796 punis.
1071 3733 1158 3788 sexies

99 3825 163 3863 sunt.
177 3811 221 3864 Ka
260 3813 300 3864 'us
307 3829 363 3864 non
371 3807 545 3878 dubitatquin
554 3807 608 3858 Va·
650 3817 695 3856 aut
706 3805 800 3874 septies
811 3805 908 3858 vicerat
922 3805 949 3858 in
961 3811 1157 3867 certaminibus.

100 3889 175 3942 lenius
191 3892 328 3962 scripserit
342 3907 411 3962 quem
428 3888 508 3940 dir...
523 3903 606 3957 snper-
649 3882 713 3936 Vid.
732 3884 801 3936 Gell.
820 3883 882 3949 XV,
904 3890 955 3950 16;
972 3887 1053 3942 Ovid.
1071 3892 1099 3943 in
1114 3894 1155 3946 lb.

98 3987 213 4036 gnarus
228 3970 437 4037 dran...soreret,
452 3966 544 4030 idest,
560 3964 607 4036 qui
651 3965 718 4027 6113
730 3964 901 4028 snabo,vl;
914 3964 1023 4031 Suidas;
1036 3968 1119 4024 Solia.
1131 3979 1158 4034 4.

99 4067 177 4116 quum
190 4051 225 4104 nd
241 4069 370 4102 summam
380 4052 436 4120 jam
447 4047 608 4118 pervenisset
691 4049 719 4105 d.
740 4044 897 4113 Polydamas.
917 4045 981 4099 vid.
1001 4047 1111 4102 Pausan.
1133 4065 1161 4105 et

100 4130 382 4194 anonomastos
390 4125 609 4180 bumanaoternri·
650 4121 753 4176 Suidas.
771 4155 811 4165 -
828 4123 975 4178 'litantibus
996 4125 1039 4178 Sic
1060 4146 1093 4181 ex
1117 4130 1162 4187 ed.

99 4226 142 4260 nos
154 4211 238 4280 longe
255 4212 305 4283 jam
326 4225 506 4280 supergressus
526 4217 607 4268 esset,
650 4213 702 4255 vet.
715 4203 835 4274 Kappins
847 4204 971 4257 restitnit.
986 4205 1115 4262 Nonnulli
1123 4211 1161 4264 le.

147 4323 198 4390 II.
935 4308 979 4380 13
