3110 5134
396 469 467 558 146
592 471 799 538 VALERII
828 472 1034 539 MAXIMI
1063 475 1157 540 LIB.
1187 476 1252 543 lx.

388 605 500 697 cujus,
515 603 575 671 etsi
590 615 705 696 postca
718 601 839 686 hostis,
854 615 1001 695 quaestor
1013 617 1124 672 tamen
1137 603 1314 700 aliquando
1329 605 1448 690 fuerat,

387 725 499 780 erutos
517 709 644 779 cineres
665 710 699 776 in
719 709 853 777 Anienis
870 707 1002 778 alveum
1022 712 1150 803 sparsit.
1169 714 1221 780 En
1236 711 1355 805 quibus
1372 715 1448 780 actis

386 814 595 888 Felt'ct'tatis'
620 839 808 910 cognomen
829 816 1072 910 assequendum
1093 813 1239 910 putavit!

371 991 376 1006 ·
442 975 474 1018 a.
492 949 596 1041 Cujus
614 959 725 1015 tamen
739 944 942 1015 crudelitatis
960 949 999 1016 C.
1017 949 1145 1016 Marius
1158 947 1331 1018 invidiam²
1347 948 1448 1036 lovat;

387 1079 462 1126 narn
484 1068 519 1124 et
538 1052 591 1124 ille
611 1054 713 1122 nimia
734 1053 917 1147 cupiditate
938 1054 1156 1183 persepuendi
1177 1057 1344 1141 inimicos,
1368 1057 1448 1126 iram

384 1185 477 1232 suam
492 1161 616 1231 nefarie
627 1159 817 1246 destrinxit,
838 1163 876 1229 L.
891 1160 1031 1230 Caesaris
1068 1159 1249 1230 consularis
1263 1176 1297 1230 ct
1310 1165 1449 1232 censorii

382 1267 622 1338 nobilissimum
644 1290 766 1360 corpus
787 1263 923 1362 ignobili
941 1268 1064 1336 saevitia
1081 1267 1299 1355 trucidando,
1320 1284 1353 1338 et
1373 1270 1448 1363 qui-

381 1374 458 1444 dem
477 1373 565 1468 apud
584 1372 819 1444 seditiosissimi
841 1389 875 1441 et
897 1371 1108 1465 abjectissimi
1133 1374 1275 1444 hominis
1297 1375 1447 1464 bustum3

382 1481 416 1550 id
443 1484 531 1552 enim
558 1479 725 1550 malorum
752 1466 972 1548 miserrimae⁴
997 1493 1077 1548 tunc
1100 1480 1289 1574 reipublicae
1313 1481 1447 1570 deerat,

381 1588 531 1658 utVario
546 1589 659 1656 Caesar
673 1583 841 1679 piaculum
854 1583 997 1654 caderet.
1011 1587 1108 1654 Paene
1122 1587 1205 1655 tanti
1218 1589 1365 1656 victoriae
1379 1589 1448 1681 ejus

379 1719 448 1764 nou
467 1695 621 1766 fuerunt:
640 1716 780 1787 quarum
800 1689 940 1778 oblitus,
962 1690 1037 1786 plus
1055 1694 1202 1763 criminis
1219 1692 1328 1781 domi,
1348 1719 1446 1787 quam

380 1800 484 1872 laudis
503 1804 537 1871 in
553 1799 667 1869 militia
675 1785 698 1885 ⁵,
717 1799 847 1868 meruit.
867 1797 961 1866 ldcm
976 1813 1077 1893 caput
1094 1801 1142 1867 Μ.
1156 1784 1310 1869 Antonii⁶
1326 1799 1445 1869 abscis-

380 1933 453 1977 sum
468 1907 548 1978 laetis
560 1906 712 1976 manibus
727 1907 813 1975 inter
827 1902 941 1997 epulas
955 1930 1015 1998 per
1030 1929 1193 1974 summam
1210 1907 1311 1975 animi
1325 1929 1365 1974 ao
1380 1932 1447 1975 ver·

363 2015 496 2084 'borum
524 2011 730 2082 insolentiam
760 2009 962 2105 aliquamdiu
991 2014 1120 2098 tenuit,
1148 2011 1389 2107 clarissimique
1415 2029 1446 2081 et

378 2123 460 2194 civis
474 2135 508 2190 et
519 2121 660 2189 oratoris
675 2119 836 2212 sanguine
851 2118 1071 2185 contaminari
1085 2143 1206 2187 mensae
1220 2143 1315 2188 sacra
1331 2144 1445 2214 passus

378 2243 446 2310 est;
469 2240 568 2321 atque
589 2227 688 2294 ctiam
709 2226 744 2293 P.
762 2225 907 2292 Annium
917 2223 941 2308 ⁷,
959 2226 1016 2316 qui
1035 2223 1067 2292 id
1086 2223 1259 2309 attulerat,
1281 2227 1315 2292 in
1337 2227 1443 2294 sinum

377 2357 491 2420 suum,
509 2333 649 2402 recentis
668 2329 766 2400 caedis
783 2331 929 2424 vestigiis
945 2329 1158 2423 adspersum,
1174 2333 1310 2426 recepit.

419 2563 443 2597 ι.
460 2543 601 2596 Felicitatis.
617 2540 661 2593 Sic
674 2540 826 2594 Torrenius.
843 2539 887 2591 Pi·
973 2541 999 2592 3.
1024 2539 1136 2592 Coeserir.
1157 2541 1286 2594 Oratorir.
1302 2541 1368 2596 vid
1390 2545 1443 2598 Cic.

376 2624 453 2696 ghiue
468 2633 494 2676 et
509 2620 554 2675 alii
567 2617 698 2672 dederunt
713 2621 802 2686 filicis.
821 2617 884 2670 Vid.
930 2615 965 2669 de
982 2617 1031 2670 Or.
1047 2621 1083 2672 11.
1098 2651 1138 2661 -
1156 2621 1275 2673 Hominis.
1297 2622 1403 2676 Nomen
1421 2625 1443 2676 ei

376 2705 426 2768 Vl,
440 2709 469 2766 i,
486 2708 513 2765 4.
528 2702 568 2753 De
582 2699 661 2752 Sulla
673 2699 756 2750 nimia
771 2696 885 2750 crudeli·
931 2697 983 2749 fuit
995 2697 1096 2764 Vnrio,
1110 2698 1184 2771 quod
1196 2701 1223 2752 in
1241 2700 1370 2772 quasdam
1383 2701 1442 2755 edd.

376 2797 429 2838 tate
450 2781 583 2835 increbuit
606 2779 772 2832 versiculus:
799 2778 887 2846 Aspice
931 2776 1045 2846 irrepsit.

377 2862 490 2916 Felicem
498 2860 545 2912 sibi
550 2899 557 2920 ,
572 2877 620 2912 non
631 2858 687 2914 tihi,
702 2857 817 2919 Romule,
828 2857 886 2908 Sul-
972 2861 999 2918 4.
1009 2855 1159 2910 Moerim.
1168 2858 1241 2910 Alibi
1249 2861 1363 2920 mirerioe,
1371 2859 1444 2931 quod

373 2946 433 2997 lm,
931 2933 1041 2988 Vorstio
1050 2936 1232 3008 magisplaoet.
1242 2935 1293 2990 Sed
1304 2939 1444 2994 lectionem

416 3043 442 3075 a.
455 3023 485 3073 Α.
497 3021 531 3072 U.
542 3021 607 3072 666.
617 3017 730 3088 Appian.
744 3015 802 3068 Civ.
811 3033 820 3077 3
828 3014 882 3068 Cic.
930 3026 1047 3067 nostram
1058 3035 1148 3068 veram
1160 3035 1215 3070 esse
1225 3019 1267 3072 vcl
1278 3018 1335 3088 ipsa
1348 3021 1444 3072 verbo-

375 3103 409 3160 de
420 3103 495 3172 Orpt.
506 3099 563 3161 111;
575 3097 632 3149 Liv.
647 3095 764 3160 Lxxrn
779 3094 843 3146 Luc.
859 3095 883 3156 1,
929 3111 991 3146 rum
998 3095 1135 3148 collocatio
1146 3097 1267 3150 evincere
1277 3096 1393 3150 videtur.
1401 3099 1443 3152 Sic

377 3178 629 3244 100;Ftor.111‚2.
645 3175 735 3240 Quum
747 3173 814 3226 urbe
826 3187 886 3246 post
929 3173 1000 3226 enirn
1025 3175 1126 3245 optime
1147 3188 1203 3228 turc
1223 3195 1285 3228 cum
1306 3181 1444 3230 misertim

373 3261 495 3316 exsilium
503 3267 569 3312 esset
577 3253 801 3326 potitus,plurimi
809 3253 884 3325 priu-
929 3254 1444 3327 conjungitunnouequesuavitercum

372 3341 463 3411 cipum
478 3337 553 3398 caesi,
567 3348 679 3404 uterque
690 3335 815 3396 Crassus,
831 3334 885 3386 Cu·
929 3332 1021 3395 deerat,
1037 3333 1059 3386 si
1071 3335 1442 3406 leguminum—Proculam.

374 3439 429 3482 aar,
441 3415 558 3472 Fimbria
572 3427 598 3466 et
612 3413 673 3477 alii3
685 3412 761 3464 multi
772 3412 822 3464 sibi
834 3415 884 3484 ipsi
929 3411 1092 3467 Sacrificium
1100 3417 1278 3486 propeccatis.
1289 3416 1354 3470 Vid.
1365 3419 1442 3490 Virg.

373 3510 487 3550 mortem
496 3494 617 3548 intulere.
630 3491 733 3545 Octavii
743 3509 794 3544 cos.
806 3505 884 3562 caput
929 3495 988 3546 AEu.
998 3494 1052 3558 V1‚
1069 3496 1138 3548 153:
1155 3496 1212 3548 Duc
1224 3500 1308 3565 rupeas
1317 3499 1442 3566 pecudes:

372 3596 422 3649 pro
442 3575 548 3637 rosula,
569 3571 680 3624 Antonii
696 3571 841 3634 consularis
855 3573 883 3624 in
927 3592 956 3624 ca
962 3577 1045 3644 prima
1054 3575 1153 3644 piacula
1163 3589 1241 3628 sunto.

369 3656 454 3727 ipsius
465 3654 543 3706 Marii
558 3669 646 3704 mensa
658 3651 814 3720 expositum.
829 3652 882 3704 Bae·
969 3653 1133 3706 tlnmtura.
1142 3654 1252 3725 Pighius
1258 3656 1442 3728 militicc,proe·

370 3737 445 3790 bium
466 3747 544 3806 atque
562 3730 744 3783 Numitorium
759 3749 807 3801 per
826 3749 881 3782 me·
926 3743 966 3785 ter
976 3733 1165 3787 necessitatem.

370 3815 446 3870 dium
469 3815 558 3868 lorum
575 3809 637 3864 unci
656 3822 758 3862 traxere
774 3810 879 3863 carnifi·
966 3815 992 3865 6.
1005 3814 1116 3866 Antonii.
1127 3814 1279 3884 Pracipuus
1289 3834 1345 3870 suae
1359 3817 1443 3871 artatis

369 3915 438 3950 cum
453 3893 571 3952 Plurima
583 3900 687 3942 renatus
699 3890 791 3941 funera
809 3889 878 3944 intra
923 3891 977 3943 suit
994 3905 1098 3956 orator,
1117 3912 1196 3964 quem
1216 3912 1278 3946 cum
1295 3896 1395 3950 Crasso
1409 3895 1443 3948 de

370 3977 417 4030 cal.
439 3988 466 4028 et
481 3972 518 4026 id.
537 3971 601 4023 Jun.
622 3965 700 4028 (nam
715 3966 754 4022 id.
769 3968 879 4022 decessit
921 3972 1072 4042 eloquentia
1095 3970 1274 4044 disputantem
1293 3975 1393 4030 Cicero
1415 3978 1441 4028 iu

370 4051 483 4116 Marius)
501 4062 657 4123 argumento
671 4067 726 4102 esse
740 4062 877 4120 poterant,
923 4050 970 4102 Or.
986 4051 1143 4105 introducit.

370 4155 432 4187 nmn
446 4133 546 4186 Marius
558 4129 649 4182 mitior
663 4127 735 4181 Sulla
751 4129 859 4183 suisset?
965 4149 990 4198 7.
1002 4133 1117 4186 Annium.
1128 4133 1281 4186 Perizonius
1289 4135 1395 4188 notavit
1405 4136 1440 4188 sic
