3110 5134
201 531 294 597 CAP.
310 529 395 612 Vll,
422 527 483 593 DE
511 525 681 592 STUDlO
709 525 765 591 ET
793 525 1047 594 INDUSTRIA.
1104 523 1151 620 87

99 687 159 730 uno
178 663 307 756 impetu
326 661 458 754 spiritus
477 656 776 751 complectebatur,
794 681 914 751 eosque
931 657 1069 726 adversa
1083 656 1154 726 loca

99 766 190 836 celeri
209 766 318 861 gradu
339 764 515 851 scandens,
532 764 787 857 pronuntiabat;
804 787 842 832 ac
860 763 990 833 vadosis
1006 761 1157 832 litoribus

99 875 263 959 insistens,
276 870 528 942 declamationes
539 869 699 938 fluctuum
714 869 902 962 fragoribus
913 868 1157 939 obluctantibus

100 979 229 1064 edebat,
246 993 283 1046 ut
301 978 341 1046 ad
360 976 509 1046 fremitus
527 976 765 1044 concitatarum
784 976 982 1044 concionum
1000 976 1156 1068 patientia

99 1083 237 1153 duratis¹
255 1083 388 1152 auribus
403 1083 436 1151 in
451 1081 634 1150 actionibus
652 1095 809 1149 uteretur.
824 1083 942 1149 Fertur
954 1104 1084 1173 quoque
1098 1105 1156 1149 ore

100 1191 224 1260 insertis
249 1187 381 1258 calculis
403 1187 543 1257 multum
557 1211 595 1256 ac
609 1185 664 1254 diu
680 1185 769 1281 loqui
784 1185 918 1273 solitus,
933 1211 999 1282 quo
1013 1209 1156 1258 vacuum

100 1298 280 1391 promptius
297 1309 382 1364 esset
398 1308 431 1362 et
448 1294 594 1364 solutius.
615 1290 783 1362 Praelintus
804 1307 853 1362 est
874 1317 950 1360 cnm
971 1316 1080 1360 rerum
1098 1316 1155 1359 na-

101 1417 185 1487 utra,
210 1401 396 1497 etquidem
417 1402 524 1471 victor
542 1399 640 1483 abiit,
659 1398 892 1493 malignitatem
916 1399 985 1492 ejus
1008 1398 1155 1491 pertina-

100 1510 226 1578 cissimo
244 1510 347 1577 animi
366 1507 485 1576 robore
509 1505 714 1601 superando:
739 1507 847 1600 itaque
868 1503 1008 1574 alterum
1027 1505 1155 1572 Demo-

102 1615 245 1684 sthenem
266 1628 391 1698 mater,
412 1612 551 1682 alterum
570 1611 729 1681 industria
746 1613 842 1682 enixa
860 1627 917 1680 est.

151 1747 182 1790 a.
196 1724 307 1814 Atque
324 1735 361 1788 ut
376 1719 418 1788 ad
435 1721 648 1788 vetustiorem
670 1717 835 1788 industrie
856 1734 965 1787 actum
988 1733 1153 1812 transgre-

100 1827 180 1913 diar,
191 1824 414 1920 Pythagoras¹
426 1824 698 1920 perfectissimum
711 1849 795 1918 opus
810 1825 1006 1919 sapientias
1020 1824 1156 1916 juventa

102 1935 217 2025 pariter
229 1946 264 2002 et
274 1933 382 2001 omnis
394 1931 574 2001 honestatis
585 1930 803 2025 percipiendae
816 1929 1027 2024 cupiditatem
1038 1931 1158 2022 ingres·

102 2063 151 2107 sus
167 2033 273 2126 (nihil
292 2040 380 2108 enirn
398 2037 487 2131 quod
506 2037 548 2106 ad
564 2035 715 2106 ultirmm
732 2039 782 2106 sui
801 2037 901 2105 finem
920 2043 1158 2130 perventurum

103 2158 166 2228 est,
179 2170 245 2212 non
264 2159 298 2213 et
316 2158 445 2213 mature
460 2157 494 2212 et
510 2141 660 2214 celeriter
678 2136 831 2237 incipit),
850 2143 1026 2237 AEgyptum
1045 2141 1156 2234 petiit:

103 2249 155 2317 ubi
175 2248 276 2319 literis
293 2252 400 2344 gentis
418 2249 488 2344 ejus
509 2249 727 2336 assuefactus,
755 2249 909 2343 praeteriti
934 2248 994 2317 aevi
1012 2247 1158 2315 sacerdo

103 2369 166 2422 tum
179 2357 435 2426 commentarios
454 2369 633 2442 scrutatus,
647 2339 956 2437 innumerabilium³
972 2351 1158 2423 seculorum

102 2459 341 2532 observationes
359 2464 531 2556 cognovit:
552 2461 627 2531 inde
648 2461 690 2530 ad
707 2463 822 2530 Persas
842 2459 1026 2554 profectus,
1044 2483 1156 2551 mago-

102 2591 171 2636 mm
188 2571 400 2639 exactissime
414 2568 596 2663 prudentiae
611 2593 644 2636 se
662 2566 869 2638 formandum
884 2565 1039 2652 tradidit;
1054 2589 1073 2630 a
1092 2566 1158 2658 qui·

100 2671 159 2742 bus
172 2674 313 2744 siderum
327 2689 453 2760 motus,
466 2699 645 2767 cursusque
659 2672 824 2742 stellarum
832 2694 847 2760 ,¹
855 2687 888 2741 et
903 2671 1159 2764 uniuscujusque

99 2779 186 2863 vim,
207 2783 443 2875 proprietatem
464 2795 497 2848 et
520 2779 676 2848 effectum
698 2775 929 2872 benignissime
948 2777 1159 2846 demonstra-

100 2992 139 3046 de
151 2997 267 3048 untione
280 2997 353 3068 ligata
362 3021 377 3062 ,·
386 2995 432 3050 sed
445 2995 479 3050 de
491 2997 607 3066 particu-
651 2994 806 3068 perorandi,
822 2994 868 3048 sed
881 2996 908 3046 in
924 3011 1002 3046 sensu
1013 2991 1110 3044 lorensi
1119 3008 1161 3042 ao·

100 3073 135 3126 lis
147 3075 272 3128 orationis
285 3079 384 3130 solata.
649 3077 704 3147 cipi
718 3073 806 3127 debet.

143 3173 166 3206 r.
179 3156 282 3207 Dumtis
294 3157 400 3208 ambus.
413 3156 436 3208 1.
445 3174 470 3207 e.
480 3155 543 3207 utin
553 3173 608 3206 ora·
692 3173 715 3206 a.
730 3154 893 3224 Pythagoras.
904 3149 969 3203 vid.
984 3150 1060 3220 Diog.
1071 3149 1158 3200 Laert.

101 3233 214 3288 tionibus
220 3234 351 3288 habendis
360 3253 438 3287 aures
446 3233 610 3287 adsuesceret
652 3235 680 3286 in
691 3234 749 3296 vit.;
762 3233 847 3285 Cicer.
860 3229 894 3284 de
906 3230 1005 3295 Fin.V,
1021 3229 1159 3298 29;·Tusc.

101 3309 608 3378 adiremitummnltitndinisooncitata,
652 3313 707 3375 IV,
728 3331 781 3381 19,
801 3311 834 3364 25
847 3329 855 3375 ς
870 3311 914 3376 V,
933 3311 989 3364 lot
1006 3308 1093 3372 431,
1113 3309 1161 3370 io;

99 3392 608 3466 nequeexpaveaeeretstquehsclectio
653 3392 763 3463 August.
776 3389 810 3444 de
826 3389 856 3442 C.
872 3391 905 3443 D.
917 3390 1003 3451 vm,
1025 3407 1048 3441 r.
1065 3387 1166 3457 legan-

100 3471 194 3525 mnltos
203 3475 284 3526 babet
292 3485 370 3526 testes
380 3491 434 3524 non
440 3485 609 3524 contemnen-
652 3482 697 3523 tur
713 3471 792 3523 etiam
806 3468 840 3522 de
855 3470 1004 3542 Pythagora
1016 3468 1164 3520 Brackerus

100 3549 156 3604 dos.
168 3553 244 3624 Pigb.
255 3565 344 3606 umen
358 3553 485 3623 expunxit
497 3554 522 3602 in
532 3553 608 3602 actio-
653 3562 680 3604 et
691 3549 864 3604 Tiedenrann.
877 3582 917 3592 -
930 3550 1029 3600 Pariter
1042 3559 1074 3598 et.
1087 3546 1163 3618 Pigb.

99 3631 341 3692 ntesauerorinte
353 3630 531 3686 conwtnch.
543 3649 609 3700 quo·
653 3649 767 3701 eumque
789 3630 895 3699 sequuti
914 3641 939 3680 et
959 3639 1050 3680 contra
1074 3643 1165 3678 ornnes

99 3712 229 3765 eumfacit
238 3711 491 3765 edsetn‘erizonio
501 3710 609 3762 concin-
653 3710 735 3763 libros
749 3710 827 3762 tacite
841 3707 994 3760 omiserunt.

98 3790 159 3842 nior
170 3789 277 3845 videtur
282 3791 363 3844 lectio
371 3791 466 3860 Copes.
475 3801 502 3842 et
509 3803 609 3860 septem
695 3791 720 3842 3.
736 3787 953 3841 Innumerabiliron.
965 3785 1083 3839 Gloriam
1094 3783 1165 3836 onim

97 3869 172 3922 MSS.
178 3871 378 3943 Pigbii,duratis
383 3869 522 3932 actionibus,
529 3869 609 3920 omis-
654 3867 747 3942 populi
759 3869 823 3922 olim
832 3868 931 3939 petiere
940 3885 970 3918 ex
983 3867 1099 3935 longaeva
1111 3863 1166 3914 ori·

97 3949 134 4001 sis
146 3947 520 4020 duabusvocihusauribruim
534 3961 610 4001 etex·
654 3949 729 4018 gine,
745 3949 877 4020 precipue
893 3945 1018 4018 AEgyptii.
1030 3941 1093 3994 Vid.
1105 3943 1166 3991 Jus-

99 4029 190 4098 ponit:
207 4043 237 4082 nt
250 4043 388 4101 peroraret
403 4027 513 4084 duratus
520 4040 611 4080 contra
657 4027 705 4080 tin.
722 4029 764 4092 11,
785 4047 816 4091 13
833 4039 860 4080 et
874 4025 1002 4080 Herodot.
1020 4020 1097 4075 Diod.
1113 4019 1164 4070 Sic.

98 4108 219 4162 fremitus
235 4109 404 4162 concionum.
421 4111 468 4162 Ast
484 4111 548 4160 actio
561 4107 612 4158 boc
656 4108 685 4173 1,
706 4127 764 4178 pag.
783 4113 834 4174 tis,
851 4109 959 4179 August.
978 4103 1012 4161 de
1033 4101 1091 4154 Cis.
1110 4097 1169 4160 uei,

97 4186 485 4244 locononinsensurbctorico
495 4197 614 4259 proactu
657 4187 724 4252 xil,
743 4207 786 4242 ιο.

972 4280 1014 4360 Gt
