3152 5134
345 444 365 512 8
514 439 740 508 VALERII
773 437 982 504 ΜΑΧΙΜΙ
1010 437 1102 504 LIB.
1136 437 1226 504 Vll.

343 587 492 672 senatus,
512 595 615 667 quum
635 570 679 639 ob
697 571 793 638 nimis
815 568 949 664 aspere¹
968 581 1078 638 actam
1100 591 1272 638 censuram
1292 594 1312 637 o
1336 575 1400 639 Cn.

344 679 453 750 Baebio
473 678 607 748 tribuno
624 675 729 771 plebis
748 675 936 771 prorostris
954 688 1130 768 agerentur
1146 677 1212 763 rei,
1227 699 1333 744 causac
1353 675 1401 744 di-

344 787 453 854 ctione
470 784 604 853 decrcto
620 807 680 853 suo
693 781 860 868 liberavit3
878 805 1020 850 vacuum
1040 782 1148 850 omnis
1164 780 1279 876 judicii
1294 780 1400 850 metu¹

345 917 420 960 eum
439 892 600 960 honorem
618 887 802 976 reddendo,
815 889 870 983 qui
887 887 1016 982 exigere
1033 886 1131 958 debet
1146 889 1323 975 rationem,
1334 912 1404 957 uon
1479 959 1480 965 χ

345 996 491 1066 reddere.
508 983 593 1066 Par³
613 995 667 1064 illa
688 996 846 1091 sapientia
865 1008 1014 1082 senatus,
1033 1018 1099 1088 qua
1119 995 1190 1064 Tib.
1213 994 1405 1064 Gracchum

346 1103 515 1173 tribunum
530 1102 635 1196 plebis
648 1103 820 1196 Agrariam
831 1100 938 1196 legem
953 1099 1165 1195 promulgare
1177 1125 1305 1188 ausum,
1317 1125 1405 1170 mor·

347 1225 380 1280 te
400 1207 561 1278 multavit.
584 1208 698 1295 Idem,
723 1224 762 1276 ut
785 1207 968 1277 secundiora
991 1209 1096 1301 legem
1118 1207 1191 1299 ejus
1205 1232 1273 1304 per
1291 1211 1407 1276 uuum·

347 1303 458 1386 νίνοε4
478 1338 565 1410 ager
576 1315 711 1411 populo
733 1318 851 1383 virium
873 1313 1095 1400 diuideremr,
1120 1316 1249 1410 egregie
1271 1315 1407 1382 censuit.

349 1421 517 1516 Siquidem
536 1422 734 1516 gravissime
752 1421 919 1490 seditionis
935 1419 1051 1488 eodem
1074 1433 1224 1514 tempore
1240 1433 1274 1488 et
1295 1432 1408 1488 aucto-

349 1553 419 1596 rem
441 1542 475 1596 et
496 1551 628 1596 causam
651 1525 789 1596 sustulit

402 1635 513 1721 Quam
535 1617 674 1701 deindc⁵
697 1657 731 1701 se
749 1631 930 1727 prudenter
949 1633 984 1700 in
999 1657 1077 1726 rege
1098 1631 1270 1701 Masinissa
1291 1626 1410 1726 gessit!

351 1742 438 1810 Nam
456 1763 559 1834 quum
578 1739 823 1840 promptissima
840 1752 873 1807 et
887 1737 1075 1808 fidelissima
1092 1737 1163 1831 ejus
1181 1761 1282 1832 opera
1295 1736 1412 1805 adver·

353 1871 407 1914 sus
429 1844 716 1940 Carthaginienses
735 1869 813 1915 usus
835 1857 937 1930 esset,
955 1870 1097 1939 eumque
1118 1845 1153 1912 in
1173 1842 1341 1913 dilatando
1361 1867 1414 1910 re·

353 1977 420 2046 guo
429 1951 609 2020 avidiorem
624 1965 788 2038 cerneret;
801 1950 1009 2046 legemfirri
1017 1951 1127 2045 jussit,
1137 1974 1208 2046 qua
1217 1953 1416 2020 Masomsae

353 2058 401 2127 ab
416 2063 557 2153 liuperto
566 2059 695 2153 populi
704 2064 840 2126 romani·
857 2059 1005 2126 solutam
1023 2041 1228 2126 lihercutem⁶
1247 2055 1414 2126 tribueret.

355 2167 433 2252 Quo
460 2165 549 2232 facto
571 2188 674 2256 quum
701 2165 825 2258 optime
845 2165 953 2232 meriti
980 2153 1242 2232 benevolentiam
1265 2164 1418 2248 retinuit,

355 2285 426 2338 tusn
443 2269 666 2338 Mauritaniae⁷
682 2283 714 2337 et
725 2270 907 2358 Numidiae,
921 2255 1178 2364 ceterarumque
1194 2268 1279 2338 illius
1293 2283 1417 2338 tractus

356 2376 502 2468 gentium
523 2398 691 2467 nunquam
706 2374 772 2443 fida
788 2400 870 2470 pace
890 2379 1112 2470 quiescentem
1134 2377 1296 2446 feritatem
1315 2373 1417 2444 aval-

357 2483 407 2549 vis
424 2481 491 2548 suis
514 2479 641 2574 repulit.

359 2668 392 2720 be
402 2705 409 2732 ,
421 2680 448 2720 et
457 2685 547 2720 seusus
560 2667 604 2722 hic
618 2681 656 2720 est
665 2687 672 2720 :
682 2669 729 2722 uhi
738 2669 867 2722 interim·
911 2671 1079 2728 mutaretis
1089 2673 1269 2726 Gracchorum
1275 2669 1416 2738 ritmhpp.

359 2759 493 2817 potatores
510 2745 605 2822 odium
628 2747 783 2812 intercedit,
802 2750 868 2803 alter
912 2751 978 2804 Bcll.
991 2753 1042 2804 civ.
1062 2752 1091 2818 13
1107 2753 1166 2805 Liv.
1185 2753 1285 2804 LVIII.
1299 2781 1339 2792 -
1352 2747 1420 2816 Qua·

359 2845 420 2896 erga
433 2826 544 2880 alterum
556 2827 869 2899 mrgishostilitersege·
912 2829 987 2884 Hauc
1003 2849 1094 2884 rocem
1114 2832 1242 2884 omittunt
1261 2841 1321 2882 octo
1345 2827 1423 2880 MSS.

359 2906 408 2971 rit,
419 2907 547 2976 alterique
562 2907 644 2978 magis
658 2925 754 2960 nocere
769 2906 870 2974 studet,
913 2910 1071 2962 Torreniani
1087 2923 1113 2962 et
1128 2930 1218 2964 omnes
1233 2909 1309 2964 editt.
1328 2919 1424 2980 preter

360 2985 870 3058 qusmhostiipsi‚coutraquemtameu
913 2989 986 3059 ldog.

360 3065 389 3117 iu
400 3065 500 3118 bellum
514 3067 628 3137 profecti
642 3079 712 3119 suut.
956 3075 972 3132 4
1008 3070 1161 3122 Triumviros.
1181 3070 1259 3123 Teste
1282 3065 1425 3119 Plutarcho

405 3163 429 3196 1.
443 3145 544 3214 Aspen.
561 3147 630 3198 Nam
643 3165 671 3198 se
685 3146 798 3202 invicem
813 3166 873 3201 cen·
915 3165 970 3200 nou
984 3165 1033 3219 per
1045 3153 1191 3217 tricensima,
1205 3145 1250 3202 sed
1260 3147 1290 3199 Ρ.
1301 3147 1426 3199 Crassum

363 3223 432 3276 soris
442 3237 505 3276 uota
520 3224 660 3295 signarunt.
917 3228 971 3297 agri
987 3239 1050 3281 sunt
1065 3227 1154 3282 divisi.

405 3319 432 3354 u.
447 3303 525 3354 Metu.
537 3303 606 3356 Nam
621 3317 726 3356 senatus
736 3303 873 3357 decretum
959 3307 984 3360 5.
995 3309 1098 3361 Deinde.
1107 3307 1139 3362 ld
1150 3320 1277 3378 est‚pono
1284 3325 1294 3368 ‚·
1302 3322 1351 3358 nec
1360 3321 1429 3374 opus

364 3383 461 3434 lactum
477 3393 529 3447 est,
539 3400 572 3435 ue
585 3380 687 3453 judicio
697 3383 787 3455 aliquo
801 3385 875 3437 time·
917 3399 969 3452 est,
978 3400 1009 3440 ut
1017 3407 1077 3440 cum
1089 3387 1229 3442 Perinouio
1238 3387 1309 3457 legas
1319 3385 1427 3456 denique.

363 3472 438 3526 rent,
458 3479 485 3513 se
501 3459 620 3514 damnari
641 3481 718 3534 posse
737 3483 876 3532 censores,
918 3465 1061 3533 Vid.V1,
1083 3469 1169 3533 8,5;
1191 3468 1245 3530 111,
1269 3477 1299 3531 η’,
1326 3483 1371 3517 ro.
1390 3495 1429 3506 --

364 3557 418 3610 quo
437 3539 525 3593 miuus
544 3541 657 3594 aliorum
681 3541 777 3596 delicta
796 3544 875 3614 puni·
922 3545 1010 3600 Gessit.
1027 3547 1141 3601 Circiter
1156 3549 1206 3600 Au.
1219 3547 1256 3599 U.
1273 3549 1338 3598 ὅσα.

364 3630 514 3672 rent:nam
528 3621 550 3672 si
560 3618 679 3674 damnati
691 3623 875 3687 tuissent&-
960 3631 986 3680 6.
1010 3627 1162 3680 Libertatem.
1184 3626 1286 3678 Bellum
1305 3619 1429 3693 gerendi,

365 3698 415 3750 teri
431 3697 540 3768 quidem
553 3700 685 3770 segniores
700 3701 762 3756 sacti
777 3715 875 3768 essem,
920 3707 1077 3777 quibuscum
1083 3707 1230 3778 velletque
1236 3721 1345 3777 reguum
1353 3717 1432 3754 suum

280 3787 286 3794 ·
363 3775 495 3848 judicium
505 3790 876 3854 metuentes‚exquosequu·
920 3786 1077 3856 ampliorem
1088 3801 1177 3857 posset
1191 3783 1311 3839 reddere.

365 3870 423 3908 tum
436 3870 521 3920 esset,
538 3871 568 3912 ut
587 3861 671 3930 major
689 3861 717 3912 in
733 3863 800 3916 urhe
814 3881 876 3933 pec·
962 3883 989 3935 7.
1006 3866 1171 3918 Mauritaniae.
1186 3867 1275 3930 Quum
1290 3860 1362 3914 euim
1377 3876 1432 3912 uon

366 3935 443 3988 caudi
465 3937 571 3990 licentis
593 3953 752 3994 nasceretur.
774 3943 823 3995 hu.
841 3941 875 3994 U.
922 3945 1034 4016 emplius
1042 3940 1390 4016 haherentprovocatiooem
1399 3935 1433 3990 ad

369 4015 434 4084 549.
450 4017 507 4069 Liv.
524 4017 630 4082 XXIX,
642 4019 688 4090 37.
923 4024 948 4076 S.
959 4023 988 4077 P.
999 4025 1033 4090 Q.
1046 4027 1088 4091 ll..
1099 4047 1154 4080 non
1167 4024 1278 4095 amplius
1288 4016 1435 4074 molestiam

409 4097 435 4149 3.
448 4098 509 4148 Pur.
522 4099 600 4151 Auno
607 4100 680 4154 urbis
688 4100 800 4154 condita·
811 4107 876 4156 liro.
923 4104 960 4155 illi
976 4106 1130 4160 attuleruut.
1405 4119 1411 4126 '
