3108 5136
203 433 295 500 cnr.
323 432 423 516 xiv,
450 432 512 498 os
540 413 862 502 slmmruomu
889 433 1068 500 nonme.
1110 457 1179 530 ¹99

125 564 265 633 doctrina
283 561 410 656 praediti
430 559 581 632 subtilius
599 560 791 656 disputant,
809 587 989 658 corumque
1011 563 1065 632 alii
1086 565 1121 634 in
1141 589 1179 636 ea

123 685 190 738 sunt
215 669 388 764 opinione,
414 683 452 740 ut
474 669 680 752 existiment,
704 667 792 740 illam
813 670 932 764 origini
956 685 990 754 et
1009 675 1177 740 contextui

123 777 280 870 sanguinis
294 774 511 870 respondere;
526 799 588 844 neo
600 799 741 869 parvum
753 791 985 870 argumentum
997 801 1037 851 ex
1050 779 1176 860 caeteris

121 880 307 954 animalibus
325 882 480 970 trahunt,
495 907 568 976 quae
586 880 654 956 sere
671 881 881 976 gignentibus
896 881 1014 977 similip
1028 907 1174 980 ipscun-

120 1002 183 1056 tur:
198 986 254 1076 alii
268 1003 392 1082 negant
409 1003 533 1086 certam
551 987 638 1058 banc
652 1011 722 1057 esse
737 1003 863 1058 natura
880 987 1006 1082 legem,
1024 989 1082 1058 sed
1101 1015 1174 1086 spe-

120 1097 176 1164 cies
190 1093 397 1183 mortalium,
418 1109 520 1189 prout
541 1093 675 1166 fortuita
697 1118 767 1164 sors
788 1095 1013 1190 conceptionis
1033 1095 1173 1183 obtulit,

119 1201 267 1288 erudiri,
285 1216 385 1295 atque
405 1201 480 1272 ideo
498 1198 692 1296 plerumque
711 1225 752 1272 ex
767 1202 922 1296 speciosis
939 1200 1123 1290 deformes,
1140 1217 1174 1294 et

117 1331 151 1374 er
173 1308 317 1378 robustis
344 1307 506 1378 invalidos
535 1322 651 1402 partus
679 1306 742 1380 edi.
767 1309 894 1376 Verum
923 1309 1080 1402 quoniam
1111 1310 1172 1380 istu

116 1415 243 1505 questio
271 1415 304 1482 in
331 1413 487 1508 ambiguo
505 1429 673 1498 versatur,
701 1435 808 1508 pauca
831 1415 917 1482 inter
943 1412 1066 1502 ulienos
1086 1439 1170 1484 con-

116 1534 227 1612 spectae
244 1518 463 1594 similitudinis
481 1519 631 1614 exempla
649 1517 837 1590 reseremus.

164 1667 189 1712 1.
207 1646 336 1738 Magno
356 1646 513 1740 Pompeio
528 1641 666 1722 Vibius¹
684 1644 834 1739 ingenuas
854 1645 984 1738 stirpis,
1004 1658 1038 1720 et
1057 1641 1166 1724 Publi·

114 1749 174 1820 cius
190 1747 365 1821 libertinus
382 1753 427 1822 ita
445 1748 566 1822 similes
585 1749 739 1834 fuerunt,
760 1765 798 1818 ut
815 1763 1003 1844 permutato
1025 1763 1113 1823 statu
1133 1765 1167 1826 ¹et

113 1857 277 1951 Pompeius
290 1857 325 1930 in
338 1855 417 1945 illis,
431 1871 466 1926 et
477 1854 523 1927 illi
540 1859 575 1926 in
589 1856 746 1951 Pompeio
761 1853 896 1926 salutari
911 1870 1063 1950 possent3
1076 1871 1165 1926 certe

111 1983 298 2057 quocunque
324 1978 383 2033 aut
405 1963 545 2049 Vibius,
573 1976 631 2031 aut
645 1960 826 2030 -Puhlicius
853 1957 1076 2049 accesserant,
1105 1985 1164 2032 ora

111 2065 271 2137 hominum
291 2071 325 2136 in
343 2095 378 2138 se
396 2067 632 2155 obvertebant,
650 2091 852 2162 unoquoque
868 2067 1012 2161 speciem
1030 2066 1162 2162 amplis·

20 2199 21 2204 ¹
110 2174 172 2242 simi
188 2173 290 2244 civis²
306 2177 341 2242 in
362 2177 509 2269 personis
527 2173 747 2244 mediocribus
765 2187 945 2242 annotante
960 2200 968 2242 :
983 2173 1073 2268 quod
1090 2175 1161 2268 qui·

109 2277 173 2347 dom
199 2281 376 2350 fortuitum
406 2280 726 2374 ludibrium,‘quasi
754 2279 989 2353 hereditarium
1016 2280 1057 2349 ad
1084 2279 1182 2348 eum'

109 2390 290 2476 penetravit.

153 2535 182 2579 s.
198 2513 288 2581 Nam
306 2524 402 2604 pater
419 2533 551 2604 quoque
567 2495 658 2602 ejus³
677 2531 822 2602 eousque
837 2511 1049 2603 Menogenis,
1063 2512 1160 2604 coqui

107 2615 163 2702 sui,
181 2614 297 2686 similis
312 2641 382 2684 esse
398 2617 487 2684 visus
502 2629 569 2701 est,
590 2630 627 2683 ut
645 2616 744 2682 viret
759 2613 853 2683 ferox
871 2617 1000 2700 animo,
1021 2630 1054 2683 et
1074 2640 1157 2710 prm-

105 2736 209 2810 potens
232 2723 354 2810 armis,
381 2721 550 2792 sordidum
575 2714 645 2813 ejus
670 2745 793 2788 nomen
815 2719 973 2814 repellere
994 2743 1013 2787 a
1035 2745 1157 2791 senon

105 2825 240 2898 voluerit.

149 2948 178 3020 3.
193 2953 332 3022 Eximiae
342 2975 421 3019 vero
433 2948 613 3018 nobilitatis
628 2946 817 3018 adolescens
829 2945 1003 3016 Cornelius
1015 2933 1154 3040 ⁴Scipio,

102 3077 190 3148 quum
214 3056 369 3152 plurimis
393 3069 429 3124 et
446 3055 632 3124 clarissimis
658 3053 790 3132 familiae
813 3076 880 3121 suae
902 3053 1155 3145 cognominibus

101 3160 294 3252 abundaret,
322 3165 357 3231 in
385 3161 536 3231 servilem
564 3163 762 3255 Serapionis
786 3156 1039 3254 appellationem
1062 3159 1153 3254 vulgi

99 3291 240 3340 sermone
262 3271 425 3364 impactus
444 3283 512 3356 est,
536 3267 625 3360 quod
648 3267 785 3359 hujusce
809 3265 950 3335 nominis
969 3265 1152 3336 victimario

95 3477 188 3530 rogote
209 3459 452 3524 homoeomeriam,
476 3477 535 3530 quse
560 3471 598 3512 est
684 3459 711 3513 3.
726 3458 795 3528 Ejus.
813 3456 917 3524 Strabo,
933 3457 1047 3528 aspecie
1060 3458 1153 3510 oculo·

95 3542 205 3596 omnium
220 3542 405 3596 membrorum
414 3536 559 3593 similitudo
570 3539 598 3592 in
642 3556 701 3592 rum
722 3539 773 3590 boc
792 3555 938 3608 cognomen
959 3535 1077 3610 adeptus.
1098 3537 1151 3591 Atii

93 3621 164 3674 rebus
177 3620 316 3686 creandis,
327 3619 355 3674 id
371 3631 425 3684 est,
436 3637 468 3674 ex
481 3619 597 3686 ossibus,
641 3618 751 3694 uoluat,
770 3636 831 3670 eum
850 3618 883 3669 ab
898 3613 992 3670 eodem
1004 3617 1152 3688 Menogene

93 3703 210 3769 anguine
218 3714 248 3754 et
257 3699 394 3764 medullis,
405 3712 436 3751 ut
447 3699 552 3752 Servius
558 3698 597 3751 in·
642 3696 770 3749 Strabone
783 3697 820 3750 sic
836 3696 914 3750 luisse
927 3697 1151 3768 cognominatum.

93 3779 323 3848 terpretatur-Nisi.
340 3780 483 3844 Ptinvll,
504 3796 555 3844 ta,
571 3790 597 3830 et
641 3774 704 3830 Vid.
719 3777 787 3830 Pliu.
804 3777 822 3828 l·
835 3795 859 3830 c.
875 3778 924 3828 Au.
939 3777 973 3828 U.
991 3781 1057 3842 664.

91 3857 196 3914 Plutde
204 3861 301 3932 philos.
310 3859 484 3930 placitis,V,r
494 3877 505 3910 1
516 3871 542 3910 et
551 3877 561 3912 r
570 3877 594 3911 a.
681 3863 706 3919 d.
719 3856 808 3927 Scurio.
818 3856 1009 3926 Nasica,cujus
1017 3857 1151 3926 praecipue

129 3958 152 3992 r.
171 3942 269 3992 Vibius.
286 3939 595 4008 Soliu.V.-Ingc1moe.
640 3937 790 3989 consulatus
807 3955 868 3988 ann.
884 3937 919 3988 U.
937 3933 1152 3988 6151audatissi-

88 4017 135 4070 sed
149 4039 163 4071 e
179 4022 265 4092 plebe.
284 4017 347 4071 Vid.
360 4019 427 4071 Plin.
443 4019 462 4071 l.
476 4038 501 4070 c.
640 4035 698 4068 mus
717 4017 777 4069 luit.
793 4049 831 4056 -
847 4015 874 4067 V
873 4019 998 4066 scrinario.
1023 4013 1073 4066 llic
1095 4026 1152 4068 erat

126 4121 149 4152 a.
169 4101 246 4154 civis.
261 4099 367 4154 Scilicet
380 4098 508 4168 Pompeii.
639 4094 803 4149 sacerdotum
817 4095 948 4160 minister,
964 4093 1036 4155 nuria
1051 4094 1151 4148 sacrifi·

901 4188 964 4271 13⁴
