3208 5174
384 456 432 526 62
547 457 769 524 VALERII
798 458 1007 525 MAXIMI
1034 457 1133 525 LIB.
1160 457 1279 526 v111.

385 603 575 658 cumentum
600 588 753 673 daretur,
779 603 886 684 neque
909 588 1126 657 secundarum
1149 611 1258 656 rerum
1281 603 1452 682 proventu

385 693 562 764 insolenter
571 695 688 777 abuti,
706 714 812 788 neque
826 694 972 764 aduersis
985 711 1126 790 propere
1143 717 1341 789 quemquam
1355 693 1452 762 debi-

385 799 472 869 litari
492 815 653 894 oportere.

438 922 472 1005 h.
498 919 602 1013 quue
624 921 775 1014 proximo
795 918 945 1013 exemplo
965 913 1057 1012 aeque
1076 933 1186 1012 patet:
1209 921 1244 986 P.
1268 902 1450 987 Claudius¹

386 1027 496 1094 nescio
511 1025 677 1120 religionis
691 1026 813 1118 major,
828 1047 872 1092 an
892 1026 1005 1120 patria
1024 1024 1141 1117 injuria
1161 1016 1344 1118 (siquidem
1362 1019 1454 1090 illius

386 1132 642 1200 vetustissimum
660 1155 787 1199 morem
804 1127 965 1225 neglexit,
979 1129 1078 1222 hujus
1091 1125 1349 1224 pulcherrimam
1367 1127 1455 1196 clas·

387 1255 456 1306 sem
470 1229 606 1323 amisit),
618 1237 736 1305 infesto
749 1235 873 1330 populo
891 1235 1056 1329 objectus,
1071 1260 1173 1328 quum
1192 1235 1340 1329 effingere
1357 1232 1455 1301 debi-

389 1357 456 1412 tam
477 1367 609 1436 posnam
631 1341 723 1409 nullo
744 1339 844 1409 modo
864 1365 960 1436 posse
982 1339 1189 1428 crederclor,
1213 1340 1322 1410 s'ub'ito
1343 1339 1453 1409 coorti

383 1445 501 1517 imbris
524 1447 684 1516 beneficio
704 1461 795 1515 tutus
816 1446 879 1515 fnit
899 1471 919 1514 a
940 1447 1171 1534 (lamnatione3
1193 1446 1340 1514 discussa
1360 1446 1453 1512 enirn

387 1555 584 1647 questione,
601 1551 715 1639 aliam,
735 1549 827 1621 velut
847 1551 908 1621 diis
924 1549 1207 1647 interpellantibus
1215 1549 1238 1637 ²,
1258 1549 1300 1620 de
1319 1551 1452 1644 integro

389 1659 563 1728 instaurari
580 1665 648 1726 no'n
661 1657 804 1752 placuit:
821 1660 868 1726 ita
884 1657 937 1725 cni
954 1641 1136 1724 maritima³
1149 1671 1326 1752 tempestas
1342 1680 1452 1725 causae

388 1763 564 1834 dictionem
586 1769 810 1848 contraxerat,
829 1759 964 1831 caeles‘tis
982 1761 1119 1830 salutem
1140 1761 1256 1830 attulit.

446 1879 477 1952 5.
496 1879 622 1952 Eodem
642 1880 752 1950 auxilii
769 1905 888 1976 genere
900 1867 1061 1968 Tucciae⁴,
1076 1878 1211 1975 virginis
1221 1876 1382 1964 Vestalis,
1401 1881 1452 1947 in-

274 2067 276 2073 ·
390 1989 471 2059 'cesti
490 1989 633 2056 criminis
651 2011 731 2070 reae,
747 1988 877 2056 castitas
891 1986 1032 2056 infamiae
1046 1986 1134 2054 nube
1153 1986 1328 2055 obscurata
1343 2010 1453 2054 emer-

392 2097 460 2164 sit:
484 2114 556 2186 quae
579 2091 777 2160 conscientia
794 2105 891 2160 certae
912 2093 1106 2161 sinceritatis
1126 2116 1210 2181 suae,
1227 2117 1320 2186 spem
1336 2089 1453 2160 salutis

390 2199 525 2291 ancipiti
541 2211 736 2291 argumento
752 2208 832 2266 ausa
849 2210 961 2292 petere
976 2210 1046 2283 est3
1065 2212 1197 2293 arrepto
1216 2199 1304 2266 euim
1320 2197 1451 2282 cribro,

391 2305 536 2389 'ellestm
551 2303 672 2396 inquit,
687 2304 714 2372 si
734 2303 833 2372 sacris
846 2288 932 2371 tuis⁶
947 2317 1054 2372 castas
1072 2328 1201 2399 semper
1222 2301 1355 2372 admovi
1380 2325 1453 2370 rna·

389 2433 470 2496 nus,
492 2406 605 2495 effice,
620 2423 658 2476 ut
674 2408 739 2478 hoc
756 2408 906 2477 hauriam
924 2433 942 2477 e
959 2408 1069 2478 Tiberi
1086 2433 1221 2504 aquam,
1242 2423 1275 2477 et
1295 2410 1329 2476 in
1346 2407 1452 2478 aedem

387 2530 483 2585 mam
508 2513 715 2609 perferam.»
733 2514 909 2584 Audaciter
931 2531 965 2585 et
985 2530 1108 2584 temere
1125 2516 1221 2609 jactis
1240 2516 1324 2584 votis
1342 2539 1452 2583 sacer-

391 2621 497 2709 dotis,
514 2645 626 2689 rerum
646 2622 716 2714 ipsa
737 2635 854 2689 natura
871 2623 977 2690 cessit.

447 2739 481 2812 6.
499 2743 584 2812 Item
602 2743 642 2810 L.
656 2725 750 2812 Pis0⁶
760 2763 781 2808 a
793 2743 828 2810 P.
843 2740 982 2811 Claudio
995 2739 1138 2810 Pulchro
1154 2751 1344 2825 accusatus,
1361 2737 1452 2833 qood

438 2961 464 2996 r.
480 2939 605 2994 Claudite.
623 2939 674 2993 Ata.
687 2931 722 2992 U.
739 2939 801 3002 soa.
816 2939 901 2993 Cicer.
986 2945 1012 3000 l.
1037 2939 1140 2992 Tuccia.
1152 2939 1230 2990 Multi
1247 2925 1452 3000 TurireJntDio·

396 3021 432 3076 de
445 3022 505 3073 niv.
518 3021 548 3084 1;
562 3019 596 3072 de
608 3019 641 3072 N.
657 3021 689 3072 D.
701 3019 729 3072 tt
737 3058 744 3084 ,
762 3021 794 3081 33
807 3018 900 3089 Polyb.
944 3017 1035 3088 nysius
1047 3014 1130 3070 Halia.
1145 3019 1235 3077 ’Βαίας
1248 3019 1335 3088 ὄνομα.
1350 3017 1452 3070 Plinius

396 3103 426 3160 1,
439 3101 485 3154 ba.
497 3097 675 3163 DeClsndio,
686 3100 773 3169 pullos
788 3098 816 3149 iu
830 3115 902 3152 mare
944 3109 1030 3149 autern
1049 3099 1146 3151 Tuccia.
1159 3129 1200 3139 -
1219 3097 1333 3149 Emern't.
1348 3097 1399 3148 An.
1414 3097 1451 3149 ΙΙ.

395 3179 551 3250 projiciente
558 3173 612 3230 vid.
621 3177 700 3228 etism
709 3195 782 3248 supr.
794 3178 821 3239 1,
832 3182 848 3238 4
858 3215 865 3242 ,
875 3176 902 3230 3.
946 3179 1012 3244 609.
1028 3177 1095 3229 Plin.
1112 3177 1190 3228 XXV
1192 3177 1246 3240 11⁴1,
1265 3194 1296 3240 η
1310 3169 1450 3246 Augustius.

396 3289 437 3302 ...
447 3257 547 3309 Momm.
559 3255 630 3318 Quis
640 3258 751 3323 majores
761 3253 841 3319 nihil,
850 3255 903 3308 nisi
944 3253 979 3309 de
992 3257 1022 3310 C.
1035 3257 1067 3308 D.
1084 3254 1108 3307 X
1117 3293 1125 3322 ‚
1144 3257 1178 3308 16
1189 3273 1197 3320 ς
1214 3255 1325 3326 Dionys.
1339 3257 1385 3314 11,
1404 3259 1451 3324 69.

397 3334 479 3405 captis
491 3331 628 3402 auspiciis,
645 3333 778 3402 gerebant.
987 3335 1012 3388 5.
1021 3334 1103 3388 Sacris
1111 3339 1166 3388 usis.
1177 3334 1239 3386 11ae0
1247 3335 1353 3388 Tucciae
1361 3333 1453 3406 depre-

439 3431 465 3465 s.
482 3411 695 3479 interpellantibus.
714 3411 836 3482 Cogitare
853 3431 902 3483 po-
944 3414 1237 3468 rationisincestieerba
1248 3414 1366 3468 solennia
1377 3413 1454 3466 exsti·

396 3487 573 3551 manuelem
591 3489 661 3559 ipsus
676 3489 820 3543 abominari
834 3492 902 3561 inju-
944 3493 1005 3546 tisse
1020 3495 1096 3545 etiam
1109 3509 1155 3545 sua
1173 3504 1262 3554 etate,
1279 3493 1382 3546 Plinius
1397 3509 1452 3548 rne-

395 3585 462 3626 stam
472 3568 509 3619 ob
522 3567 785 3636 superstitiososritus
796 3570 902 3625 damna·
944 3585 1038 3626 morat.
1058 3573 1117 3638 Qua
1138 3569 1230 3626 fraude
1249 3591 1345 3644 aquam
1363 3573 1452 3625 cribro

397 3651 507 3702 tionem.
534 3643 585 3696 Sed
611 3645 770 3716 arripiebant
791 3651 901 3706 Romani
943 3651 1076 3717 hauserit,
1091 3651 1164 3724 quod
1179 3666 1205 3705 et
1220 3659 1308 3705 narrat
1323 3649 1451 3709 Ovidius.

397 3724 768 3793 tantum,qutepraejudicatas
777 3745 835 3782 snas
844 3732 901 3802 opi·
943 3731 1453 3806 vixpotestexplicari.—Hoc.Nempe

394 3809 488 3861 niones
499 3801 568 3853 alere
578 3812 711 3872 poterant,
721 3807 834 3870 ceteris,
845 3827 902 3882 quas
944 3810 1048 3874 cribro,
1065 3807 1137 3884 quod
1153 3805 1303 3882 porrigebat
1318 3824 1453 3882 arreptum

392 3897 485 3940 contrs
498 3891 587 3940 eraut,
602 3881 733 3950 neglectis.
944 3911 1032 3946 manu.
1043 3893 1113 3964 Ergo
1124 3891 1191 3944 male
1202 3887 1309 3962 quidam
1322 3893 1393 3942 lianc.

433 3965 459 4018 3,
482 3959 615 4050 Maritima.
638 3957 672 4010 ld
692 3973 746 4024 est,
766 3965 852 4022 clades
873 3971 900 4024 in
985 3979 1011 4027 6.
1033 3975 1099 4025 Piso.
1118 3975 1167 4024 An.
1184 3969 1219 4022 U.
1238 3973 1303 4040 694.
1320 3970 1382 4023 Piso
1399 3987 1452 4024 cos.

392 4048 717 4114 pugnamamtrmaoontra
726 4041 900 4104 Adherbalem
944 4051 1126 4114 Macedoniam
1144 4062 1329 4122 occupaverat,
1352 4051 1380 4102 in
1400 4067 1453 4122 qua

391 4133 505 4193 Μφῑθ·
944 4133 979 4186 ita
991 4153 1019 4187 se
1033 4133 1127 4204 gessit,
1142 4143 1171 4183 ut
1186 4130 1328 4182 exercitum
1348 4128 1452 4183 amitte·
