3110 5134
344 481 452 554 GAP.
480 482 554 566 tv,
582 482 654 552 DE
680 481 938 554 AVARITIA.
1105 487 1172 560 161

109 617 177 712 gies
197 615 384 688 sestertium
407 613 544 703 abillo,
566 613 608 684 ab
627 613 693 686 hoc
715 617 861 713 sexagies
881 631 1018 712 pucttrs,
1042 617 1176 692 dimisit.

108 725 150 793 At
173 720 267 818 quis¹
289 721 439 811 dubitet,
467 721 494 792 si
521 720 661 791 alterum
690 735 820 792 tontum
848 721 998 812 daretur,
1021 725 1174 822 jugulum

108 854 240 924 quoque
256 853 354 899 suum
376 852 471 924 aequo
492 829 604 898 auimo
623 827 684 898 illis
704 827 805 900 luisse
824 829 1064 925 praebiturum?

159 933 194 1006 3.
220 938 388 1007 Ceterum
410 937 547 1005 avaritia
565 947 642 1005 ente
661 959 776 1006 omnes
797 938 836 1004 L.
857 936 1061 1032 Septimuleii
1086 963 1175 1034 prse-

107 1041 220 1112 cordia
232 1041 380 1138 possedit
390 1039 419 1128 ²,
433 1041 509 1136 qui,
524 1066 627 1137 quum
644 1044 681 1112 C.
696 1042 842 1114 Gracchi
861 1041 1030 1114 familiaris
1045 1043 1177 1136 fuisset,

108 1162 208 1244 ceput
233 1149 303 1243 ejus
328 1147 542 1236 abscindere,
570 1163 605 1218 et
630 1173 692 1244 per
720 1148 851 1231 urbem
865 1147 933 1244 pilo
960 1148 1063 1220 fixum
1091 1152 1178 1222 ferre

107 1255 282 1338 sustinuit,
306 1257 385 1350 quia
404 1252 558 1350 Opimius
585 1253 700 1324 consul
727 1279 810 1324 auro
836 1253 868 1324 id
897 1280 932 1326 se
959 1281 1178 1352 repensurum

107 1361 264 1431 edmerus.
284 1364 368 1432 Sunt
386 1364 444 1457 qui
462 1361 615 1450 undant,
634 1360 759 1457 liquato
777 1360 915 1458 plumbo
931 1387 1008 1432 eum
1027 1379 1177 1435 cavatam

107 1482 238 1563 portem
250 1469 382 1564 capitis,
394 1493 462 1563 quo
476 1469 694 1565 ponderosius
707 1468 972 1564 esset‚explesse.
983 1457 1110 1540 Fuerit³
1125 1471 1179 1542 ille

107 1575 298 1660 seditiosus,
316 1574 405 1644 bono
423 1576 558 1670 perierit
574 1573 749 1670 exemplo:
768 1571 895 1644 clientis
913 1590 1024 1645 tamen
1040 1576 1177 1649 sceleste

107 1680 207 1752 fumes
225 1683 262 1751 in
279 1681 340 1751 lius
353 1705 459 1776 usque
471 1682 611 1776 jacentis
626 1681 761 1776 injurias
777 1683 901 1752 esurire
920 1707 988 1752 non
1005 1682 1128 1755 debuit.

325 1871 379 1924 DE
408 1871 613 1924 AVARITIA
641 1869 962 1926 EXTERNORUM.

156 2033 285 2104 Odium
306 2019 447 2102 merita⁴
470 2029 674 2127 Septimuleii
695 2033 853 2122 avaritir3
877 2032 1044 2104 Ptolemaei
1066 2051 1176 2108 autern

107 2141 191 2235 regis
210 2141 435 2236 Cypriorum,
457 2139 525 2208 risu
544 2124 816 2234 prosequenda⁵3
834 2164 911 2208 nam
930 2165 1034 2235 quum
1051 2129 1177 2214 anxiis‘

107 2246 260 2316 sordibus
282 2269 420 2340 magnas
436 2269 517 2341 opes
535 2247 768 2340 corripuisset,
787 2260 991 2341 propterque
1011 2272 1066 2318 eas
1087 2253 1177 2346 peri·-

108 2365 217 2422 turum
234 2377 271 2422 se
284 2351 429 2440 uideret,
448 2366 482 2420 et
497 2351 572 2422 ideo
587 2353 678 2422 omni
694 2353 834 2447 pecunia
848 2355 1004 2448 imposito
1020 2357 1178 2446 navibus,

107 2458 269 2530 inultum
294 2461 525 2554 processisset,
556 2472 594 2528 ut
623 2456 726 2528 classe
759 2458 927 2553 perforata
953 2485 1013 2529 suo
1040 2463 1177 2534 arbitrio

106 2568 248 2658 periret,
270 2580 306 2634 et
322 2565 435 2634 hostes
453 2565 564 2659 praeda
583 2580 755 2652 carerent3
768 2589 837 2634 non
856 2568 1012 2635 sustinuit
1025 2593 1177 2664 mergere

105 2693 223 2741 eurum
253 2685 288 2741 et
314 2686 509 2767 argentum,
538 2670 595 2740 sed
621 2671 771 2740 futurum
799 2695 866 2740 sure
892 2674 981 2741 necis
1003 2678 1175 2767 praemium

104 2777 242 2847 domum
268 2781 403 2847 revexit.
430 2774 550 2847 Procul
571 2775 674 2846 dubio
695 2777 749 2846 hic
771 2801 839 2845 non
861 2777 1009 2872 possedit
1026 2779 1176 2872 divitias,

104 2883 168 2951 sed
186 2908 206 2952 e
223 2883 344 2954 divitiis
360 2907 530 2978 possessus
546 2897 616 2953 est:
637 2881 734 2952 titulo
751 2907 809 2950 rex
829 2879 964 2970 insnlae,
985 2887 1096 2956 animo
1112 2911 1174 2982 pe·

104 2991 216 3060 cuniis
232 2988 418 3060 miserabile
434 2990 647 3084 mancipium.

103 3187 181 3246 lateri
193 3190 331 3246 edherens
342 3211 357 3244 e
363 3189 509 3262 pingendo,
522 3190 577 3256 vel,
587 3201 617 3242 ut
659 3189 727 3242 lucri
739 3186 842 3255 studio,
857 3207 913 3243 non
921 3189 1075 3264 reipublice
1083 3211 1174 3262 muse,

104 3271 149 3324 alii
159 3273 267 3338 volunt,
283 3291 297 3324 s
308 3289 395 3342 pugno
407 3267 502 3324 dictus.
660 3269 730 3340 leges
747 3269 860 3341 agrarius
880 3269 950 3323 ferre
968 3271 1098 3340 voluisse5
1111 3292 1176 3328 con·

147 3353 256 3422 t.Qnr's.
270 3351 342 3404 Alii:
354 3355 422 3423 atqur'
430 3369 473 3414 ue,
488 3361 559 3422 atque
571 3367 615 3409 ne,
661 3347 787 3415 cedatur,
799 3367 860 3402 eum
869 3368 920 3421 pro
931 3349 1044 3404 utilitate
1059 3353 1173 3426 reipubl.

100 3433 159 3485 sive
167 3453 200 3484 eu
209 3433 317 3492 dubites,
327 3447 386 3502 qun
395 3430 474 3484 lectio
485 3429 618 3502 posterior
661 3429 741 3482 fuisse
757 3429 890 3495 occisum,
903 3443 934 3483 ut
946 3431 1042 3504 reliqui
1057 3432 1176 3488 seditiosi

100 3513 216 3566 Vorstio
231 3509 339 3565 videtur
353 3510 461 3582 optime.
480 3511 531 3562 Per
548 3509 617 3562 benc
661 3522 799 3575 caverent,
815 3523 864 3563 etc.

97 3589 617 3664 interrogationemvaleriussigniflcere
703 3594 729 3651 4.
740 3589 839 3642 Merita·
847 3589 966 3654 Scilicet,
977 3602 1026 3657 est,
1034 3590 1107 3664 qnod
1118 3594 1179 3666 qui·

96 3668 546 3734 vellcvidetnr,nondubitsndusn
553 3687 617 3733 esse,
662 3666 723 3722 dem
738 3667 848 3722 addunt.
868 3670 932 3732 Alii,
951 3670 1017 3724 odo
1032 3676 1131 3736 merito,
1145 3685 1177 3726 ut
1231 3685 1238 3702 ·

95 3751 119 3806 si
140 3752 260 3806 alterum
278 3763 381 3804 tuntum
400 3747 491 3804 datum
512 3750 617 3814 luisset,
662 3751 1177 3824 construaturcumpmsequendarminus

96 3831 620 3904 Cassiumjugnlumquoquesuumpre·
662 3829 803 3900 elegmrer.

93 3911 223 3965 bitumen
237 3911 327 3964 fnisse.
704 3909 730 3962 5.
746 3907 924 3982 Prosequendo.
945 3911 996 3962 An.
1020 3910 1089 3966 Urb.
1109 3911 1178 3980 695.

140 4011 171 4044 2.
192 3991 313 4045 Possedit.
336 3992 386 4044 An.
403 3990 437 4044 U.
459 3989 525 4044 632.
547 3988 618 4042 Plut.
664 3988 734 4042 Plut.
748 3989 776 4040 in
791 3989 850 4043 Cot.

91 4071 122 4125 in
139 4072 213 4138 vit.;
228 4071 285 4126 Cic.
296 4069 331 4124 de
347 4071 421 4123 Oret.
438 4070 473 4123 11.
704 4073 731 4122 6.
751 4069 851 4122 Aneir's.
868 4067 985 4122 Sollicita
1006 4069 1121 4123 everitiss
1138 4088 1183 4124 cu·

136 4147 620 4220 3.Fuerit.Goncedstnr,Greeehnm
663 4146 1183 4224 piditete.llomenioonstituerent,Cy·

151 4264 206 4331 II.
863 4355 865 4358 Ι
951 4279 988 4325 rr
