3110 5134
383 539 451 625 154
520 539 772 608 ·VALERII
801 539 1014 606 MAXIMI
1042 539 1136 606 LIB.
1165 540 1231 606 lx.

375 697 477 766 quum
496 664 617 740 inferre
632 669 718 757 vult,
744 671 882 763 patitur,
908 693 1020 738 amara
1040 667 1278 756 sollicitudine,
1305 697 1347 740 ne
1371 699 1435 742 non

375 779 545 872 contingat
559 775 656 862 ultio,
674 778 808 860 anxius3
824 775 881 844 sed
897 776 1106 870 proprietatis
1119 798 1235 844 eorum
1251 781 1435 848 certissimo

375 875 452 954 sunt
470 885 646 978 imagines;
666 907 747 977 quas
772 881 815 950 dii
840 882 901 976 ipsi
920 883 953 949 in
974 879 1070 950 claris
1089 885 1256 976 personis,
1276 899 1334 952 aut
1349 884 1435 956 dicto

374 989 501 1085 aliquo,
520 1004 577 1059 aut
596 989 685 1059 facto
704 989 943 1058 vehementiori
962 990 1109 1083 conspici
1128 987 1315 1059 voluerunt.
1370 1040 1376 1052 .

434 1147 461 1190 r.
476 1123 590 1210 Quum
608 1121 764 1190 adversus
781 1118 1022 1190 Hasdrubalem
1040 1122 1153 1190 Livius
1170 1120 1351 1190 Salinator¹
1368 1121 1433 1190 bel-

374 1229 441 1297 lum
461 1244 612 1322 gesturus
628 1228 710 1296 urbe
729 1226 958 1324 egrederetur,
977 1242 1132 1297 monente
1150 1227 1250 1298 Fabio
1270 1227 1435 1316 Maximo,

372 1361 414 1404 ne
432 1350 509 1404 ante
530 1333 744 1404 descenderet
771 1336 804 1402 in
826 1333 949 1422 aciem,
974 1357 1073 1426 quam
1090 1334 1235 1403 hostium
1257 1335 1343 1404 vires
1362 1337 1435 1404 ani-

374 1467 531 1536 mumque
545 1455 779 1537 cognosceret,
797 1442 938 1536 primam
957 1441 1163 1509 occasionem
1181 1440 1352 1535 pugnandi
1369 1466 1435 1510 non

374 1549 573 1617 omissurum
592 1573 626 1616 se
640 1546 826 1642 respondit;
841 1549 1127 1641 interrogatusqne
1144 1547 1186 1615 ab
1204 1546 1337 1634 eodem,
1355 1549 1440 1642 quid

372 1661 424 1723 ita
444 1671 516 1724 tam
525 1655 744 1746 festinanter
764 1675 901 1722 manum
920 1677 1095 1722 conserere
1111 1653 1241 1722 vellet?
1266 1657 1309 1722 tn
1331 1677 1436 1748 quam

372 1763 560 1846 celerrime,
577 1762 700 1855 inquit,
715 1775 779 1829 aut
787 1761 936 1854 gdrriam
952 1756 999 1828 eir
1013 1759 1164 1828 hostibus
1180 1763 1297 1846 oretis,
1316 1776 1381 1828 aret
1392 1785 1436 1829 ex

371 1867 496 1936 ctvz'bus
504 1873 694 1964 prostratis
705 1865 872 1961 gancd'um
887 1871 1033 1960 capitem.
1049 1867 1105 1934 Ira
1123 1881 1202 1934 tunc
1220 1881 1319 1960 atque
1332 1867 1435 1934 virtus

373 1999 558 2043 sermonem
580 1975 650 2069 ejus
672 1975 759 2042 inter
778 1997 813 2041 se
834 1970 1018 2041 diviserunt
1039 1997 1046 2040 :
1076 1971 1131 2041 illa
1150 1973 1277 2066 injustae
1295 1969 1434 2040 damna-

373 2079 487 2150 tionis²
510 2105 649 2167 memor,
668 2080 740 2150 haec
759 2079 919 2173 triumphi
940 2077 1052 2173 gloriae
1072 2079 1214 2166 intenta3
1230 2077 1287 2146 sed
1306 2080 1434 2162 nescio,

370 2212 412 2255 an
431 2186 577 2281 ejusdem
599 2186 698 2255 fuerit
714 2185 779 2254 hoc
800 2185 928 2269 dicere,
946 2199 979 2252 et
997 2185 1042 2254 sic
1061 2169 1223 2253 ³vincere.

426 2345 458 2387 α.
484 2319 639 2388 Ardentis
660 2319 793 2412 spiritus
808 2319 936 2404 virum,
959 2330 993 2385 et
1011 2313 1136 2386 bellicis
1151 2317 1307 2413 operibus
1326 2343 1431 2388 assue-

371 2438 462 2510 tum,
480 2425 546 2493 huc
565 2423 740 2494 iracundiae
761 2422 882 2492 stimuli
901 2437 1059 2517 egerunt3
1080 2425 1118 2492 C.
1135 2439 1244 2492 autem
1261 2409 1433 2518 ⁴Figulum

358 2523 687 2619 mansuetissimum,
700 2544 818 2625 pacato
826 2530 909 2623 juris
918 2528 1023 2598 civilis
1032 2527 1156 2623 judicio
1168 2529 1434 2616 celeberrimum,

371 2637 552 2731 prudentiae
565 2637 863 2730 moderationisque
874 2637 1102 2705 immemorem
1115 2636 1338 2705 reddiderunt
1352 2639 1434 2706 Con-

371 2743 496 2813 sulatus
515 2746 601 2812 enim
621 2741 759 2838 repulsre
777 2741 892 2811 dolore
910 2766 1088 2829 accensus,
1107 2767 1146 2811 eo
1163 2741 1295 2836 quidem
1311 2744 1433 2836 magis,

371 2850 461 2945 quod
478 2849 568 2919 illum
587 2850 636 2919 bis
652 2851 737 2944 patri
754 2875 814 2918 suo
829 2849 943 2916 datum
959 2850 1169 2935 meminerat,
1186 2874 1287 2942 quum
1302 2849 1433 2917 adeum

371 2974 503 3052 postero
521 2958 729 3026 comitiorum
750 2955 802 3024 die
818 2955 913 3024 multi
933 2953 1124 3023 consulendi
1140 2979 1238 3024 causa
1252 2957 1433 3040 venissent,

370 3091 484 3133 omnes
504 3065 645 3150 dimisit,
667 3062 842 3158 praefatus,
861 3063 987 3131 Omnes
1004 3047 1196 3130 cornulere⁵
1217 3067 1329 3146 scitis,
1353 3085 1432 3128 con·

368 3174 473 3240 sulem
482 3173 614 3260 faeere
631 3174 776 3238 nescitis.
805 3170 939 3236 Dictum
959 3169 1124 3262 graviter,
1150 3182 1183 3236 et
1211 3167 1347 3252 merito,
1376 3167 1432 3235 sed

368 3399 433 3452 dum
440 3397 650 3464 feramur,sedet
656 3389 781 3468 nosipsos
787 3415 880 3450 consu·
965 3397 991 3448 3.
1011 3397 1121 3450 Vincere.
1131 3397 1233 3448 Eximia
1247 3397 1319 3449 enim
1335 3397 1433 3450 virtute

369 3498 486 3542 mamus,
500 3491 526 3532 et
536 3479 679 3532 humanam
690 3490 810 3530 naturam
823 3478 879 3548 pla·
923 3475 1114 3529 Hasdrubalem
1127 3495 1187 3530 cum
1203 3477 1251 3528 Lx
1263 3476 1382 3530 millibus
1394 3495 1434 3530 oe·

371 3579 404 3613 ne
415 3558 627 3611 dehonestemus.
923 3553 1003 3622 cidit;
1017 3555 1064 3610 sed
1082 3558 1178 3609 civium
1195 3555 1287 3608 odium
1302 3556 1355 3610 hoe
1376 3557 1432 3610 viro

413 3658 438 3690 1·
458 3638 592 3690 Salinator.
613 3640 662 3689 An.
680 3637 715 3689 U.
737 3636 802 3698 548.
820 3637 878 3688 Liv.
923 3633 1072 3707 indignum·

369 3718 491 3783 XXVII,
509 3718 554 3787 37.
571 3717 639 3768 Eum
653 3734 722 3769 anno
739 3717 807 3768 VIII
819 3729 880 3787 post
965 3721 991 3778 d.
1014 3717 1043 3770 C.
1057 3717 1178 3786 Fi'gtdunr.
1189 3718 1259 3767 dun.
1275 3715 1309 3767 U.
1327 3715 1433 3768 circiter

368 3799 488 3852 exsilium
499 3809 649 3850 revocatum
661 3797 798 3849 consulem
807 3815 878 3850 cren·
924 3798 959 3848 62
967 3815 990 3848 r.
1005 3797 1128 3848 Vorstius
1141 3795 1273 3848 consulem
1291 3793 1371 3848 inisse
1386 3813 1433 3847 au-

368 3899 438 3932 vere.
446 3911 486 3922 -
496 3877 661 3946 Cognosces-et.
675 3876 783 3948 Pighius
795 3873 878 3928 edidit
924 3887 1024 3938 tumet,
1033 3875 1112 3940 salso3
1124 3874 1169 3928 sed
1180 3876 1231 3927 tuit
1240 3875 1312 3928 filius
1322 3877 1380 3944 ejus
1393 3875 1434 3926 Fi·

367 3971 498 4030 cogitasset.
516 3957 616 4010 Contra
629 3957 712 4008 libros
724 3976 823 4010 omnes.
922 3954 993 4026 guli,
1007 3957 1106 4028 quibis
1119 3955 1209 4008 consul
1223 3955 1317 4007 luerat.

409 4059 434 4092 a.
450 4039 549 4110 Injrutae
564 4037 732 4088 damnationis.
743 4037 806 4089 Post
813 4055 877 4089 con·
964 4035 989 4088 5.
1003 4035 1138 4088 Consulem.
1148 4035 1231 4088 Lusus
1242 4035 1269 4087 In
1280 4035 1364 4087 verbo
1372 4053 1433 4087 eon·

368 4121 482 4172 sulatum
493 4121 667 4188 primumcum
684 4117 781 4186 collega
794 4118 877 4169 AEmi·
922 4116 1021 4176 solere,
1037 4113 1120 4177 unde,
1134 4127 1163 4166 ut
1175 4115 1267 4168 volunt
1280 4114 1432 4186 grammati·

368 4197 437 4249 liano
451 4199 539 4251 Paulo.
923 4196 962 4258 ri,
978 4195 1063 4249 dictus
1078 4195 1178 4249 consul.
