3110 5134
370 583 373 588 -
407 533 476 606 132
498 533 603 600 VAL.
621 531 737 598 Max.
755 527 792 593 L.
808 525 929 608 vllt,
944 525 981 590 C.
1002 521 1084 607 XV,
1100 519 1402 588 MAGNIFICA.

361 753 365 770 Ι
402 664 535 738 oracula
550 662 623 757 capi
634 655 852 728 instituendo:
869 653 963 746 cujus
979 649 1121 720 cineres¹
1139 649 1225 719 idem
1239 649 1373 719 honoris
1384 673 1451 743 pos·
1540 665 1541 680 ¹

403 773 522 858 sidens,
536 767 624 863 quod
633 763 776 858 Pythicae
790 757 953 846 cornote',
966 756 1055 852 quod
1069 755 1176 825 aheno
1190 755 1354 842 Dodonae,
1368 753 1450 848 quod
1540 749 1541 780 ³

404 875 596 948 Hammonis
615 871 697 941 fonti
715 853 851 937 dntur³.·
1540 835 1541 860 ¹

454 989 488 1070 4.
510 962 727 1051 Pherenices⁴
750 998 881 1068 quoque
909 997 976 1042 non
1002 968 1147 1063 vulgaris
1171 968 1295 1054 honos,
1321 966 1373 1035 cui
1398 963 1451 1034 soli

401 1091 548 1162 omnium
578 1085 774 1154 feminarum
803 1079 957 1174 gymnico
986 1073 1174 1170 spectaculo
1203 1075 1357 1142 interesse
1383 1095 1451 1165 per·

400 1201 534 1267 missum
557 1206 625 1279 est,
645 1212 748 1284 quum
770 1185 812 1255 ad
831 1183 986 1278 Olympia
1011 1180 1115 1250 filium
1136 1164 1273 1249 Euelea⁵
1292 1192 1451 1247 certamen

399 1281 640 1398 ingressurum⁶
653 1288 1095 1384 adduxisset,Olympiooice
1109 1300 1201 1382 patre
1217 1285 1342 1381 genita,
1356 1283 1453 1352 fratri·

401 1413 462 1480 bus
480 1405 631 1477 eamdem
650 1393 793 1496 palmam
814 1396 995 1491 assequutis
1015 1393 1115 1463 latera
1137 1393 1207 1486 ejus
1225 1389 1435 1484 cingentibus.

442 1615 467 1651 r.
483 1592 662 1662 Cujuscr'aerss.
675 1583 717 1658 Sic
729 1581 851 1654 Pighius,
863 1579 907 1632 alii
951 1578 1040 1632 Fronta'
1051 1595 1113 1630 vero
1122 1577 1275 1636 stammas,
1283 1575 1385 1646 planare
1393 1573 1454 1624 mul·

399 1681 462 1750 Ejus
482 1677 579 1726 cineras.
599 1665 651 1722 sed
669 1664 780 1718 alterum
801 1661 908 1714 firmant
950 1659 983 1711 tis
997 1657 1093 1729 possit,
1105 1675 1137 1709 eo
1151 1654 1223 1727 quod
1233 1655 1328 1726 Jupiter
1338 1653 1453 1704 Hammon

398 1739 907 1816 MSS.nostri,etMog.ed.cumMediol.
951 1737 1073 1808 inprimis
1101 1735 1223 1789 notabilis
1252 1747 1308 1788 erat
1340 1733 1452 1786 comibus.

441 1857 468 1890 a.
482 1833 595 1886 Cortinae.
608 1827 713 1879 Secreto
725 1821 794 1876 antri
803 1819 910 1891 Delphi·
950 1814 1115 1869 Undeetiarn
1124 1814 1250 1868 Minaei.
1257 1832 1314 1884 cap.
1324 1831 1369 1865 ar.
1380 1813 1453 1882 Quum

398 1920 437 1984 ci,
450 1933 496 1970 seu
508 1909 599 1984 adyto.
613 1939 653 1948 --
666 1904 762 1958 Aheno.
776 1903 857 1953 AEreo
872 1899 908 1952 si·
950 1896 1073 1947 Hammon
1089 1895 1183 1958 dicitur,
1203 1893 1273 1946 habet
1288 1911 1397 1953 aarum
1413 1890 1454 1944 uhi

398 1998 516 2051 mulacro
531 1990 559 2044 in
572 1989 656 2040 forma
673 1981 803 2036 columba
816 1991 860 2032 aut
870 1979 908 2031 le·
950 1973 1012 2028 vide
1039 1987 1115 2028 notas
1141 1973 1259 2026 virorum
1283 1969 1452 2031 eruditorum,

397 2078 502 2139 betis,e
513 2076 587 2141 cujus
599 2061 797 2118 tinnitufutura
806 2056 908 2130 judica·
950 2057 1053 2107 Interea
1066 2053 1095 2106 in
1111 2073 1204 2104 aaaron
1216 2053 1357 2106 Hammonis
1371 2069 1387 2103 a
1400 2051 1454 2123 qni·

397 2159 470 2212 bant.
498 2149 632 2206 Dodona,
655 2141 731 2213 Epiri
759 2137 907 2212 oppidum,
950 2132 1060 2188 busdam
1074 2133 1198 2186 statuitur
1216 2133 1295 2186 etiam
1309 2133 1370 2200 sons
1387 2133 1453 2182 solis.

397 2234 490 2291 habuit
508 2227 689 2302 propinquum
710 2237 840 2291 qneruam
862 2235 907 2270 ne·
950 2212 984 2268 de
1006 2231 1059 2286 quo
1081 2213 1156 2266 Curt.
1174 2213 1290 2276 tib.1v‚
1307 2229 1341 2280 7,
1358 2231 1412 2276 ss,
1433 2221 1455 2262 st

397 2334 473 2376 mus,
486 2309 749 2364 Joriconsecratnm‚
762 2299 790 2350 in
799 2315 853 2368 quo
864 2295 910 2348 da·
950 2293 1020 2348 stela
1033 2293 1079 2346 lib.
1093 2293 1121 2359 1,
1131 2295 1161 2357 8,
1170 2305 1201 2344 at
1212 2293 1325 2345 incertus
1332 2288 1456 2352 hmam,

397 2397 461 2450 bant
474 2379 748 2460 responsacotumba.
762 2407 803 2420 —
823 2377 906 2428 Fonti.
950 2385 1040 2426 utrum
1062 2369 1157 2424 debeat
1179 2371 1246 2442 eligi.
1271 2371 1347 2422 Fonti
1370 2381 1455 2422 tamen

284 2505 287 2520 .
397 2477 469 2530 Num
484 2469 589 2537 fronti?
608 2463 666 2514 Jarn
687 2458 748 2529 qnia
765 2455 907 2509 Hammoni
949 2452 1070 2522 praefero.

397 2568 497 2611 cornua
508 2547 580 2600 tribu
617 2553 675 2606 tur,
685 2539 714 2590 in
726 2555 832 2590 nemore
844 2553 907 2588 vero
992 2537 1018 2594 4.
1032 2531 1179 2583 Pierens'ces.
1196 2530 1255 2584 Plio
1267 2531 1332 2598 vn,
1346 2547 1375 2582 ιι
1386 2548 1394 2596 3
1406 2529 1455 2581 Η.

399 2627 553 2688 Hammonis
568 2623 630 2676 olim
639 2623 698 2688 sons
706 2616 774 2669 Solis
784 2615 908 2668 statuitur
951 2611 990 2676 X,
1009 2629 1040 2674 ²3
1058 2610 1211 2664 Pausania
1228 2610 1323 2675 Etiam
1339 2609 1457 2663 AEsrhin.

398 2713 484 2776 (Cart.
493 2709 544 2772 IV,
554 2723 582 2776 7,
596 2720 629 2754 ss
639 2718 648 2766 ς
658 2697 727 2752 Mela
738 2697 761 2760 Ι,
775 2691 829 2763 9.),
839 2695 907 2746 Tor·
950 2691 1026 2760 epist.
1041 2694 1074 2755 ἀς
1086 2688 1192 2742 Pindar.
1208 2689 1317 2760 Olymp.
1332 2707 1360 2758 7.
1381 2685 1458 2758 Apud

398 2793 488 2849 reniae
502 2789 617 2840 incertus
635 2781 730 2838 haeret,
750 2787 840 2827 utrum
861 2770 906 2824 de·
950 2767 1055 2822 Graeoos
1065 2767 1169 2821 mulieri
1179 2787 1234 2821 non
1245 2768 1351 2832 licebat,
1367 2769 1459 2838 Olym-

398 2877 459 2929 beat
473 2865 623 2939 eligi;soati
636 2873 723 2912 tamen
739 2854 853 2927 prefert.
949 2848 1016 2920 picis
1034 2848 1220 2902 certaminibus
1243 2847 1387 2922 interesse,
1414 2847 1458 2909 nbi

439 2933 908 3019 &Quodammodonnquodttans
949 2927 1159 2999 positisvestibus
1167 2925 1459 2998 plerumqueluderent.

399 3037 474 3086 morsis
481 3029 549 3098 souti
562 3023 642 3076 datar.
657 3016 733 3070 MSS.
749 3015 803 3066 sere
816 3029 908 3065 ornnes
986 3008 1012 3060 5.
1026 3008 1128 3060 Euclea.
1143 3007 1219 3060 MSS.
1231 3007 1322 3060 Euclea
1327 3041 1337 3068 ‚
1349 3007 1458 3068 Endon,

399 3113 505 3173 vitiosa,
522 3103 587 3178 quod
598 3101 703 3155 Artena
717 3093 905 3154 Dodersoenec.
950 3085 1460 3152 Endta,Em0ka‚Entlea,Eudeam,
1540 3139 1541 3146 ἵ

399 3193 495 3261 Ultrsj.
513 3181 586 3257 quod
602 3180 716 3234 Artena.
736 3171 820 3225 Iidem
844 3169 910 3242 quod
949 3167 1049 3220 Euclea.
1068 3167 1092 3219 Α
1109 3166 1234 3219 Pausania
1251 3179 1355 3218 vocatur
1375 3165 1461 3217 Peisi-

399 3268 542 3323 Hammonis
555 3261 634 3328 fronti
652 3257 732 3308 datar.
753 3253 826 3322 Mog.
844 3249 910 3321 quod
949 3247 1030 3306 rados,
1049 3245 1090 3299 tel
1106 3246 1209 3317 potius,
1224 3237 1375 3306 Per'sidoros3
1397 3243 1462 3298 vide

398 3337 502 3406 Aaou
525 3341 644 3398 mum,
677 3333 741 3408 quoa
765 3333 908 3384 namna
949 3323 1378 3378 uum.aun1m.1000ctmo.

392 3431 474 3498 fronti
485 3419 677 3477 intraveram
689 3410 755 3464 nihil
765 3427 907 3463 commune
990 3409 1017 3459 6.
1041 3403 1165 3456 Certumst
1189 3408 1325 3475 ingressus.
1344 3405 1463 3458 Veteres

397 3521 437 3564 est
452 3505 554 3560 Athenis
566 3516 626 3551 cam
641 3493 766 3547 Dodoaoeo
782 3489 901 3548 Omnia,
948 3483 1020 3549 libri,
1029 3487 1195 3554 ingressurum.
1201 3485 1287 3537 Multo
1296 3485 1463 3549 correction

397 3585 470 3660 qnod
486 3586 513 3637 in
529 3578 611 3651 Epiro
627 3575 707 3626 fuisse
726 3569 849 3623 omnibus
866 3579 904 3620 est
947 3563 1021 3635 Pigh.
1036 3562 1161 3616 Certatum
1172 3566 1339 3634 ingressurum.
1354 3565 1404 3618 sie
1416 3563 1464 3616 de.

395 3646 902 3722 notuimumutcelebenimumetiam
947 3642 1223 3715 nuoPigbius‚qunm
1231 3643 1464 3698 anteaexcudere·

395 3741 537 3820 proverbio
553 3757 586 3788 ω
603 3733 761 3787 Dodonaeum.
777 3727 904 3793 Quamvis
947 3735 991 3778 tur
1010 3727 1146 3792 ingressura.
1164 3721 1215 3775 Sed
1228 3743 1270 3776 res
1285 3723 1341 3794 ipsa
1361 3737 1391 3776 et
1409 3724 1464 3776 fere

394 3823 461 3880 illud
475 3817 557 3889 magis
571 3815 670 3868 tinnitu
684 3829 746 3875 suo,
764 3825 843 3879 wem
860 3825 902 3858 ra-
947 3803 1066 3856 omniusn
1078 3802 1152 3855 MSS.
1167 3816 1192 3856 et
1205 3801 1246 3856 ed.
1257 3803 1329 3874 Mog.
1341 3803 1464 3857 auctori.

393 3906 446 3960 diis
456 3901 519 3957 solis
530 3899 611 3951 ictum
621 3891 710 3954 debat,
719 3905 797 3960 quam
809 3905 902 3938 oracu·
946 3895 985 3935 tas
996 3887 1154 3950 ingressurum
1167 3883 1289 3954 postulat.
1304 3883 1360 3936 Pro
1377 3885 1465 3955 Olym.

391 3987 424 4039 lis
451 3981 519 4036 detis
544 3977 644 4031 clerum
668 3969 728 4024 tuit.
749 3965 901 4020 Pertinebat
941 3965 1034 4032 pionica
1061 3959 1134 4014 Mss.
1167 3961 1266 4032 aliquot
1301 3963 1464 4034 Olympiam.

393 4081 478 4118 tamen
493 4057 526 4112 ad
544 4053 674 4110 Oraeulurn
689 4046 755 4102 loiris
773 4045 898 4098 Dodonoei.
943 4041 1015 4094 Harl.
1040 4041 1211 4111 Olympionica.

801 4171 1050 4194 *-
