3108 5136
401 547 471 622 ¹7²
591 523 813 594 VALERII
841 523 1267 593 Maximinum.

394 655 533 752 pulsus:
554 681 695 751 quorum
714 655 833 728 ictibus
850 655 1023 726 hominum
1043 671 1171 727 mentes
1192 679 1380 745 concussae,
1398 681 1452 727 nec

394 785 454 832 sua
472 753 616 857 pericula
635 761 829 859 respicere¹,
846 788 908 834 nec
923 762 1029 834 aliena
1043 763 1130 834 iacta
1144 765 1233 860 justa
1245 765 1453 836 estimatione

393 869 548 964 prosequi
564 866 684 938 valent.

451 1025 481 1071 1.
498 1002 608 1090 Quam
625 1002 714 1071 enirn
729 999 872 1071 temere¹
888 1027 921 1072 se
933 1002 1109 1072 Africanus
1123 1003 1282 1098 Superior
1294 1027 1334 1071 ex
1346 1003 1454 1097 Hispa·

394 1109 447 1176 nia
461 1107 589 1177 duabus
600 1107 893 1203 quinqueremibus
905 1109 947 1178 ad
956 1109 1140 1206 Syphacem
1154 1110 1299 1204 trajecit,
1313 1111 1348 1178 in
1364 1111 1455 1178 unius

392 1214 547 1286 Numidae
565 1213 674 1285 infidis
690 1214 879 1311 precordiis
894 1239 987 1286 suam
1003 1217 1128 1312 pariter
1144 1231 1177 1285 et
1192 1219 1305 1312 patriae
1320 1214 1453 1286 salutem
1550 1299 1551 1308 ἵ

393 1317 620 1416 depositurus!
644 1324 761 1417 Itaque
786 1324 905 1417 exiguo
930 1338 1102 1393 momento
1121 1326 1271 1392 maximas
1297 1324 1345 1391 rei
1365 1347 1456 1392 casus
1550 1309 1551 1380 i

393 1427 571 1497 fluctuatus
593 1413 674 1518 θεῖ’,
700 1444 812 1499 utrum
831 1428 1040 1518 interfector,
1065 1453 1108 1498 an
1128 1429 1277 1524 captivus
1298 1429 1455 1525 Scipionis

395 1533 529 1630 Syphax
548 1533 652 1604 fieret.

449 1694 481 1737 a.
508 1670 582 1740 Jam
609 1670 648 1737 C.
672 1656 833 1738 Caesaris⁴
859 1692 982 1764 anceps
1010 1684 1167 1757 conatus,
1193 1669 1254 1738 etsi
1281 1667 1454 1739 caelestium

393 1798 472 1844 cura
491 1789 661 1868 protectus
681 1789 750 1864 est,
769 1777 824 1843 vix
845 1789 958 1844 tamen
979 1776 1048 1846 sine
1067 1777 1168 1844 animi
1187 1775 1327 1845 horrore
1344 1775 1455 1844 referri

392 1895 519 1974 potest;
537 1880 698 1976 siquidem
717 1883 891 1976 impatiens
910 1881 1076 1977 legionum
1095 1881 1246 1952 tardioris
1266 1905 1286 1950 a
1306 1881 1454 1952 Brundu-

391 1987 439 2056 sio
455 1986 662 2082 Apolloniam
682 1987 856 2081 trajectus,
874 2013 933 2084 per
952 1987 1193 2058 simulationem
1209 1987 1356 2058 adversa
1370 1987 1454 2057 vaic-

392 2092 514 2164 tudinis
542 2095 696 2162 convivio
725 2117 899 2188 egressus,
939 2095 1109 2188 majestate
1140 2119 1198 2163 sua
1229 2093 1339 2164 servili
1368 2110 1454 2164 veste

389 2197 577 2288 occultata,
608 2185 818 2269 naviculam⁵
846 2199 1061 2287 conscendit,
1090 2214 1123 2269 et
1151 2225 1169 2270 e
1197 2201 1332 2272 flumine
1358 2203 1454 2271 maris

388 2303 548 2375 Adriatici
579 2329 662 2375 saeva
691 2320 885 2401 tempestate
911 2307 1024 2378 fauces
1044 2309 1157 2404 petiit;
1181 2309 1399 2403 protinusque
1423 2309 1454 2377 in

433 2535 458 2570 r.
485 2517 617 2588 Respicere.
637 2514 670 2570 td
692 2529 749 2582 est,
768 2517 898 2571 rationem
943 2517 1053 2590 Syphax.
1076 2517 1116 2571 Ita
1137 2517 1284 2571 Torrenius
1303 2519 1455 2592 rescripsit,

389 2597 495 2650 habere.
511 2597 620 2650 Terent.
636 2596 730 2650 fleant.
745 2597 774 2661 1,
795 2615 827 2654 t.
850 2600 899 2664 183
943 2597 1118 2668 probantibus
1125 2597 1456 2665 GronovioetPeriaonio;

388 2678 487 2732 Instin.
502 2677 575 2746 XII,
589 2680 620 2743 8,
636 2696 662 2730 a.
680 2677 755 2748 Pigh.
769 2690 796 2730 et
810 2677 897 2730 Coier.
943 2696 1005 2730 nam
1018 2678 1121 2749 vulgata
1132 2678 1211 2732 lectio
1222 2689 1270 2744 est,
1278 2681 1456 2746 interfectores

388 2755 517 2828 dispicere,
535 2755 629 2823 idest,
644 2775 692 2830 per
707 2776 799 2810 omnes
811 2770 899 2830 partes
944 2759 1050 2828 cepticos
1065 2759 1148 2829 Scipio
1161 2757 1287 2832 Syphacis
1305 2759 1418 2830 Pighius
1432 2772 1457 2812 et

388 2855 418 2892 ac
430 2855 556 2890 numeros
568 2835 746 2896 considerare,
758 2837 800 2890 vel
811 2851 899 2892 mente
944 2837 1031 2890 Coier.
1049 2842 1154 2908 cepticos
1168 2857 1200 2889 arr
1214 2841 1295 2890 uictor
1308 2837 1393 2910 Scipio
1411 2837 1456 2912 Sy-

385 2916 538 2990 providere.
552 2917 605 2970 atii
618 2917 744 2988 despicere.
940 2917 1033 2987 pharis.
1055 2918 1180 2971 Torrenii
1199 2917 1278 2970 lectio
1296 2919 1409 2990 propius
1425 2916 1457 2971 ad

431 3017 457 3052 a.
480 2998 584 3050 Temere.
600 2998 696 3051 Parum
711 2997 781 3050 enim
794 2998 897 3058 aberet,
943 2997 1025 3051 libros
1042 2995 1159 3062 accedit,
1177 3008 1257 3069 atque
1271 3016 1333 3050 cum
1347 2997 1457 3052 historia

388 3077 453 3150 quin
478 3078 512 3136 ab
536 3077 657 3131 hostibus
677 3077 899 3149 interciperetur,
942 3078 1082 3131 consentit.

387 3157 514 3230 qnoniam
527 3170 555 3210 et
573 3157 721 3210 Hasdrubal
732 3155 825 3209 eodem
836 3169 899 3210 tern-
985 3164 1010 3220 4.
1027 3157 1140 3210 Cesar-is.
1155 3159 1205 3209 An.
1219 3157 1254 3209 U.
1268 3156 1335 3227 705.
1351 3157 1457 3211 Plutar-

386 3255 452 3310 pore
473 3235 506 3290 ad
530 3237 678 3311 Syphacem
698 3255 806 3290 cursum
826 3237 898 3291 iecit.
943 3236 1008 3291 chus
1021 3236 1049 3290 in
1064 3239 1137 3303 τίω
1154 3237 1266 3308 Dionys.
1282 3237 1355 3289 XLI.

387 3314 440 3370 Sed
458 3315 548 3390 Scipio
564 3319 639 3389 prior
653 3317 762 3371 intravit
780 3330 897 3389 portum.
985 3317 1011 3371 5.
1033 3317 1183 3372 Novioritum.
1202 3314 1332 3388 Scapham
1345 3317 1401 3369 ΧΠ
1414 3335 1456 3370 re·

389 3395 479 3467 Scipio
490 3410 577 3450 tamen
590 3410 680 3468 postea
691 3414 746 3450 non
757 3397 807 3450 init
818 3397 898 3450 inter·
943 3415 1048 3450 morum
1064 3397 1188 3468 pauperis
1203 3393 1340 3467 cujusdam
1359 3397 1458 3468 garber-

387 3479 472 3534 i'ector
481 3477 712 3549 Syphacis,qnem
729 3477 897 3548 captivumin
942 3477 1042 3530 autoris
1066 3478 1191 3549 Amyclas.
1206 3507 1247 3520 -
1267 3475 1306 3530 Et
1323 3477 1458 3548 efluerrire.

387 3575 491 3614 earcere
509 3568 645 3610 mortuum
662 3557 781 3610 scribunt
797 3575 896 3610 omnes.
943 3557 983 3610 Ita
996 3557 1104 3628 Pighius
1114 3575 1147 3610 ex
1163 3557 1251 3610 Palm.
1266 3569 1292 3609 et
1306 3555 1368 3611 Sus.
1380 3575 1461 3629 repc-

387 3641 457 3694 Ann.
472 3636 507 3690 U.
522 3637 587 3706 547.
603 3636 662 3690 civ.
678 3636 814 3704 xxvltt;
828 3639 897 3710 App.
943 3638 1011 3701 auit;
1029 3654 1091 3689 nam
1110 3637 1258 3708 Apollonias
1276 3655 1373 3690 navem
1391 3655 1460 3691 con·

387 3717 482 3789 Libya.
942 3714 1221 3781 scendit‚etsecnndo
1235 3715 1345 3770 flrrmine
1359 3717 1461 3772 inma-

431 3799 459 3851 3.
473 3796 615 3849 Flectuntur
630 3807 672 3848 est.
688 3795 796 3867 Pighius
807 3795 900 3849 maluit
942 3815 972 3850 re
990 3795 1153 3850 Adriaticum
1177 3795 1346 3868 naver-isque
1370 3797 1462 3851 ventis

386 3875 697 3948 wtmcursedfluctuori
703 3873 775 3948 apud
783 3875 899 3942 Livium,
943 3874 1124 3930 Brundusium
1134 3875 1264 3930 tendebat.
1276 3877 1354 3930 MSS.
1368 3889 1463 3932 umen

388 3959 516 4013 Senecam
522 3969 549 4010 et
556 3955 679 4011 Curtium
686 3955 899 4028 frequentiusoc·
943 3956 1202 4011 Torreniicumrett.
1213 3955 1273 4010 edd.
1281 3959 1410 4029 eflumiue,
1420 3979 1463 4013 cc.

387 4042 480 4096 currit.
502 4037 560 4091 IIoc
575 4037 688 4090 verbum
705 4037 802 4090 Noster
818 4037 897 4090 etiam
941 4069 982 4079 —
992 4037 1095 4090 Farrces.
1113 4037 1251 4108 Angustias
1265 4050 1292 4090 et
1305 4038 1465 4110 ortia,quI·

388 4119 525 4192 aenrpavit
547 4135 626 4191 supra
647 4117 705 4182 III,
731 4135 765 4182 r,
784 4116 813 4168 in
834 4115 896 4170 iine.
941 4117 990 4170 bus
1015 4116 1112 4172 fluvius
1137 4117 1164 4170 in
1192 4115 1359 4172 Adriatim
1383 4135 1465 4173 mare

387 4227 427 4242 -
443 4201 598 4268 Interfector,
613 4217 646 4252 aa
660 4200 767 4269 capuces
780 4195 898 4268 Sciriam
941 4195 1086 4253 decredit.
