3110 5134
379 521 446 604 idn
557 519 777 586 VALERII
810 519 1013 585 MAXIMI
1041 519 1135 586 LlB.
1164 518 1230 584 lx.

331 670 335 680 ’
372 651 536 736 imitatus,
548 674 669 744 magna
681 675 721 719 ex
734 665 827 745 parte
839 675 956 718 aureos
968 649 1098 718 clavos*
1113 649 1253 744 crepidis
1268 649 1431 742 subjectos

371 756 503 843 habuit,
520 769 740 851 argenteaque
759 781 837 826 vasa
854 756 898 824 ad
917 781 1013 826 usum
1029 755 1145 826 culinae
1160 758 1381 850 comparavit,
1399 771 1430 823 et

371 860 584 932 tabernacula
596 861 761 932 textilibus
775 860 887 956 sigillis
896 861 1055 933 adornata
1067 865 1189 932 statuit
1199 867 1310 931 Avaro
1323 863 1432 955 potius

371 968 458 1038 hosti
480 968 591 1062 prada
613 969 787 1064 optabilis,
811 993 908 1062 quarn
929 967 995 1038 ulla
1013 969 1054 1038 ad
1078 967 1275 1038 vincendum
1297 981 1431 1038 strenuo

372 1098 475 1143 mora.

429 1203 460 1275 5.
475 1210 548 1275 Jarn
559 1202 773 1274 Ptolemaeus’
788 1229 846 1272 rex
860 1206 1002 1274 accessio
1016 1207 1169 1273 vitiorum
1185 1228 1319 1273 suorum
1333 1203 1433 1282 vixit,

370 1311 510 1408 ideoque
525 1297 702 1405 Physcon³
717 1309 900 1405 appellatus
918 1324 985 1396 est;
1000 1311 1094 1403 cujus
1113 1311 1257 1404 nequitia
1276 1307 1355 1403 quid
1375 1333 1432 1376 ne·

370 1415 487 1512 quius?
513 1442 659 1487 sororem
685 1431 764 1486 natu
787 1417 945 1510 majorem
968 1419 1136 1486 communi
1160 1415 1251 1485 fratri
1276 1429 1433 1509 nuptam,

372 1525 432 1616 sibi
451 1524 576 1592 nubere
596 1525 724 1618 coegit:
749 1537 864 1618 postea
883 1522 1001 1591 deinde
1018 1520 1084 1591 filia
1105 1523 1175 1614 ejus
1194 1523 1337 1616 pervim
1361 1535 1432 1590 stu·

370 1643 487 1724 prata,
511 1633 615 1725 ipsam
638 1630 779 1706 dimisit,
808 1643 845 1696 ut
870 1651 1010 1698 vacuum
1036 1627 1145 1698 locuni
1170 1629 1292 1722 nuptiis
1315 1624 1432 1721 puelle

370 1735 503 1806 faceret.

423 1857 457 1928 6.
486 1860 736 1928 Consentaneus
763 1860 863 1952 igitur
888 1858 1021 1952 regibus
1047 1860 1112 1926 suis
1140 1858 1245 1950 gentis
1273 1857 1314 1924 AE
1385 1857 1434 1925 tiae

369 1963 512 2058 populns
527 1991 534 2033 :
551 1967 607 2060 qui
623 1965 726 2034 ductu
742 1960 896 2033 Archelai
912 1963 1070 2056 adversus
1085 1967 1123 2032 A.
1141 1962 1320 2033 Gabinium
1358 1988 1432 2031 moe

369 2072 466 2140 nibus
481 2071 572 2140 urbis
586 2095 754 2166 egressus,
767 2094 871 2164 quum
886 2085 1004 2138 castra
1014 2071 1109 2139 valle
1127 2068 1349 2163 atquefiissa
1365 2073 1434 2140 οἱνι-

366 2201 448 2271 gere
457 2177 642 2270 juberetur,
658 2179 832 2246 universus
846 2174 1076 2264 succlamavit,
1093 2191 1130 2244 ut
1143 2175 1183 2245 td
1194 2199 1281 2272 opus
1287 2173 1435 2270 publica

362 2289 516 2379 pecunia
529 2283 739 2374 factendam
766 2283 948 2352 locaretruu
974 2284 1189 2377 Quapropter
1214 2279 1339 2350 deliciis
1366 2296 1434 2350 tam

370 2411 507 2457 enerves
520 2387 620 2457 animi
635 2389 785 2481 spiritum
805 2389 968 2457 exercitus
990 2390 1094 2458 nostri
1113 2390 1273 2458 sustinere
1291 2411 1361 2458 non
1378 2413 1435 2484 po-

370 2507 514 2563 tuerunt.

425 2641 457 2712 7.
479 2616 542 2686 Sed
563 2631 671 2686 tamen
691 2617 910 2686 effeminatior
930 2616 1110 2688 multitudo
1126 2619 1327 2712 Cypriorum
1335 2602 1360 2701 ⁵,
1377 2616 1434 2712 qui

412 2833 434 2869 ι.
451 2815 548 2870 ctam.
562 2816 606 2870 stc
616 2816 751 2870 Plutarch.
765 2817 793 2869 in
803 2816 876 2870 atu.
963 2817 990 2870 3.
999 2817 1121 2889 Physcon.
1130 2815 1436 2882 Inflatue,rentricoens,

369 2907 396 2950 et
411 2895 552 2950 Athen-nn
561 2893 721 2968 dipnoeoplr.
737 2913 770 2949 η
781 2935 789 2960 ,
802 2913 878 2949 men·
921 2912 1002 2966 quem
1012 2895 1136 2948 nonnulli
1149 2895 1228 2949 etiem
1241 2897 1310 2949 male
1320 2895 1436 2967 Ererge-

369 2975 468 3030 tionetn
486 2975 585 3030 fuciunt
602 2976 720 3047 monis
736 2975 809 3040 Teii,
831 2975 876 3046 qni
923 2987 976 3028 tem
989 2975 1017 3026 11
1031 2977 1178 3028 nominant.

369 3073 461 3108 eureos
473 3068 518 3109 eut
530 3069 667 3127 argenteos
680 3056 767 3108 cleros
779 3055 807 3108 in
819 3071 876 3107 cre·
964 3061 989 3117 4.
1008 3053 1146 3108 Gonane
1157 3056 1190 3107 A.
1200 3055 1236 3108 U.
1245 3055 1311 3123 698.
1322 3053 1435 3126 Dionys.

368 3133 438 3205 pidia
445 3133 661 3206 gestaveritvid.
669 3133 737 3188 Plin.
746 3133 877 3196 romu,
925 3134 976 3203 393
992 3135 1048 3186 Liv.
1064 3135 1122 3188 CV.
1140 3135 1246 3187 Auletes
1262 3146 1371 3206 propter
1385 3132 1436 3186 lle·

372 3215 536 3266 3.Caeterum
547 3215 668 3267 etclaroe
680 3213 880 3267 ferreoseelceie
923 3213 985 3284 gitia
1000 3214 1033 3266 ab
1052 3210 1236 3280 Alexandrinis
1249 3216 1361 3285 ejectus,
1382 3213 1437 3264 Ro·

370 3305 396 3344 et
409 3291 524 3364 crepidis
542 3293 672 3363 subjecto·
683 3293 796 3358 hebere,
813 3293 877 3345 olirn
923 3311 993 3346 marn
1007 3293 1139 3364 confugit,
1149 3306 1176 3344 et
1187 3295 1291 3346 serente
1306 3292 1436 3363 Pompeio

369 3371 477 3440 vulgare
496 3373 554 3424 fuit.
573 3403 613 3414 -
636 3373 775 3424 Testilibus.
792 3373 878 3426 luter·
922 3373 999 3444 petiit
1013 3395 1029 3428 n
1044 3385 1151 3438 senatu,
1165 3385 1195 3425 ut
1208 3374 1394 3426 restitueretur
1408 3373 1436 3424 in

370 3451 446 3502 textis
457 3467 489 3502 ex
503 3467 567 3502 euro
578 3463 605 3502 et
614 3463 738 3521 argento,
749 3469 823 3504 more
832 3469 877 3504 an·
922 3471 1043 3522 regnum.
1058 3453 1143 3518 Quem
1157 3450 1254 3504 deinde
1267 3466 1328 3522 post
1339 3451 1438 3504 inultas

371 3528 480 3580 luorum
496 3541 719 3600 eumptnoeorum.
922 3527 1436 3596 controversias(manachacat),

414 3627 439 3659 n.
453 3607 605 3661 Ptolemoem.
620 3609 670 3660 An.
685 3609 719 3661 U.
733 3609 795 3660 circ.
811 3609 876 3661 625.
922 3611 993 3663 ricto
1012 3624 1089 3682 atque
1112 3612 1272 3682 interempto
1288 3611 1436 3670 Archelao,

369 3683 879 3752 tustin.xxxvm;smnoxv11;to-
923 3691 1037 3743 restitnit
1052 3689 1190 3744 Gabinius.

370 3765 444 3835 seph.
453 3765 879 3819 Ant.ll.-Aeeessio,Gron0vius
965 3769 991 3822 5.
1003 3769 1152 3842 Qrprierm.
1162 3767 1226 3824 Vid.
1240 3769 1435 3834 Athennuest‘.

370 3843 403 3900 td
414 3845 473 3897 Liv.
484 3845 569 3908 XLV,
582 3845 660 3914 7,sic
673 3845 796 3916 exponit:
808 3846 878 3898 Pras·
924 3849 1029 3920 Cyprus
1049 3849 1118 3902 inter
1134 3851 1196 3902 alies
1211 3849 1284 3901 orhie
1304 3862 1436 3901 terrarum

370 3925 477 3994 cipuum
492 3925 520 3976 in
531 3923 673 3976 Ptolemaeo
684 3943 737 3976 non
751 3925 800 3976 luit
814 3925 876 3996 ipse,
922 3927 1020 3981 insulas
1034 3928 1217 3992 famosissima,
1233 3926 1333 3981 divitiis
1350 3929 1436 3980 abun·

370 4003 416 4056 sed
430 4004 510 4061 vitia,
528 4021 639 4074 qnorum
654 4003 739 4075 ipsum
755 4005 877 4057 accessio·
922 4004 987 4059 dans
1003 4021 1028 4062 et
1044 4008 1117 4061 luxui
1131 4009 1276 4080 plurimum
1287 4005 1395 4073 dedita,
1406 4019 1436 4058 ut

372 4101 431 4134 uem
446 4084 485 4134 vel
500 4097 599 4153 partem
616 4081 725 4135 diceres.
741 4083 878 4134 Aliiacees·
922 4085 1021 4139 Veneri
1034 4105 1133 4140 sacrum
1150 4107 1207 4140 earn
1227 4088 1306 4140 fuisse
1323 4099 1434 4139 constet.

370 4181 442 4213 ocur.
923 4165 961 4219 De
975 4185 1025 4238 qun
1041 4165 1093 4219 vid.
1111 4167 1205 4220 Strabo
1220 4169 1247 4219 in
1263 4167 1405 4238 geograph.
