3108 5136
239 516 349 584 car.
372 517 458 600 xv,
487 518 554 584 oa
582 517 840 584 nsnrrrrs
869 481 1036 585 ratiis.
1094 513 1167 588 205

134 723 177 776 DE
196 723 254 774 Hts
275 723 342 788 QUI
363 723 431 775 Pan
451 721 671 776 MENDACIUM
693 722 733 775 SE
752 723 792 774 IN
812 723 962 778 ALIENAS
983 725 1151 778 scutatas

345 819 602 874 INSERUERUNT
623 821 720 874 APUD
739 821 939 875 EXTERNOS.

168 1034 194 1078 1.
221 1007 349 1077 Eodem
374 1008 511 1103 praeside
538 1008 726 1103 reipublicae
755 1011 789 1076 in
814 1007 975 1078 consimili
1000 1011 1173 1079 mendacio

117 1114 277 1184 muliebris
290 1116 456 1184 temeritas
468 1113 648 1184 Mediolani
659 1139 808 1210 repressa
819 1130 884 1184 est:
897 1115 1055 1208 siquidem
1070 1141 1173 1210 quum

117 1245 146 1289 se
162 1246 222 1316 pro
239 1221 365 1290 Rubria
380 1220 548 1316 quaedam,
567 1221 703 1315 perinde
721 1245 760 1290 ac
779 1221 860 1290 falso
877 1221 1001 1291 credita
1017 1236 1103 1290 esset
1122 1224 1171 1290 in·

119 1327 227 1397 cendio
243 1329 398 1421 periisse,
414 1326 497 1396 nihil
514 1327 558 1396 ad
577 1351 611 1397 se
628 1328 868 1423 pertinentibus
883 1297 981 1396 honis
1001 1329 1176 1411 insereret,

119 1457 171 1502 nec
188 1435 219 1502 ei
240 1448 299 1502 aut
316 1448 441 1503 tractus
463 1434 533 1526 ejus
553 1433 714 1529 splendidi
730 1449 850 1520 testes,
872 1449 930 1504 aut
946 1433 1093 1504 cohortis
1106 1436 1173 1502 Au·
1200 1453 1205 1461 ·

119 1541 196 1633 gusti
211 1539 324 1616 favor?
336 1539 479 1626 deesset,
494 1555 630 1634 propter
642 1538 930 1635 inexpugnabilem
943 1541 1081 1610 Caesaris
1097 1565 1175 1610 con·

119 1646 376 1714 stantiamirrita
395 1646 511 1715 nefarii
531 1648 693 1742 propositi
714 1647 817 1715 abiit·

166 1777 198 1820 a.
207 1752 302 1820 Idem
316 1751 494 1821 barbarum
507 1753 699 1846 quemdam,
713 1754 758 1820 ob
765 1752 917 1821 eximiam
932 1751 1175 1821 similitudinem

120 1859 332 1952 Cappadociae
362 1883 503 1953 regnum
531 1859 765 1942 affectantem,
791 1873 959 1951 tamquam
986 1859 1177 1928 Ariarathes

120 1979 212 2048 esset,
230 1988 330 2059 quern
346 1989 365 2032 a
381 1966 428 2033 M.
443 1965 589 2034 Antonio
610 1966 845 2058 interemptum
865 1963 938 2034 luce
954 1963 1074 2033 clarius
1089 1980 1177 2050 erat,

119 2095 313 2164 quamquam
329 2096 421 2165 paene
433 2072 537 2140 totius
547 2071 693 2140 Orientis
710 2073 881 2140 civitatum
896 2085 930 2141 et
944 2071 1090 2165 gentium
1107 2097 1177 2140 cre·

119 2175 187 2244 dula
206 2175 445 2270 suffragatione
466 2175 604 2263 fultum,
627 2191 727 2272 caput
745 2173 905 2271 imperio²
926 2176 1098 2246 dementer
1117 2178 1177 2245 im-

122 2282 255 2368 minens,
265 2281 355 2375 justo
372 2282 563 2377 impendere
579 2282 741 2378 supplicio
757 2284 874 2377 coegit.

121 2508 162 2544 nec
174 2489 241 2545 adeo
257 2490 290 2542 ab
305 2491 360 2561 ipsa
375 2491 484 2544 veritate
492 2510 500 2556 ;
521 2501 624 2544 constat
668 2489 734 2542 adeo
742 2491 871 2552 alienum,
883 2503 912 2543 ut
922 2502 1024 2544 textum
1037 2505 1179 2547 mutemus.

121 2569 183 2622 enim
191 2569 343 2643 postSnllae
352 2568 560 2624 dominationem
569 2589 623 2623 non
711 2589 737 2622 a.
753 2571 862 2642 Imperio.
876 2570 958 2635 Quod
967 2571 1117 2625 Ariarathes
1132 2574 1180 2625 ob·

120 2650 199 2704 statim
213 2649 320 2721 imperii
334 2650 510 2721 gubernacula
522 2648 557 2702 ed
570 2653 625 2704 Cn·
669 2649 792 2702 tinueret.
801 2681 841 2692 -
850 2649 943 2720 Coegit.
952 2650 1028 2704 Ordo
1038 2665 1094 2704 est:
1109 2651 1179 2706 idem

121 2748 195 2783 sarem
209 2749 265 2784 esse
280 2728 397 2783 reducta.
670 2731 802 2800 Augustus
823 2731 908 2800 coegit
926 2731 1068 2783 barbarum
1089 2750 1181 2801 queam

153 2811 287 2880 rAugusti
289 2811 370 2876 saror.
378 2811 532 2862 Perizonius
541 2809 626 2881 legere
671 2805 773 2862 dem...
788 2808 941 2880 impendere
953 2812 1024 2878 justo
1037 2811 1181 2880 supplicio,

122 2887 225 2944 suadet:
246 2891 350 2942 cohortis
367 2890 501 2960 Augustae,
526 2915 537 2937 ι
554 2887 628 2961 quod
671 2907 831 2961 quamquam
850 2901 928 2960 ceput
944 2887 1080 2942 dementer
1093 2891 1181 2941 immi-

121 2987 169 3020 nou
187 2969 345 3036 conveniat,
365 2967 488 3023 eumdem
505 2969 550 3022 bic
571 2970 627 3022 Au·
670 2987 736 3020 nens
746 2968 858 3040 imperio
869 2966 1120 3022 fulciretureredula
1130 2969 1183 3021 suf·

121 3061 219 3114 ςωῑωι,
237 3050 318 3103 altera
328 3049 398 3102 linea
410 3050 539 3103 caraem
552 3067 628 3102 voca·
671 3048 817 3119 irrigatione
826 3048 963 3102 civitatum
976 3060 1002 3102 et
1010 3049 1129 3120 gentium
1141 3060 1182 3102 to·

122 3127 171 3179 ri·
186 3128 240 3184 Sed
255 3129 307 3184 hoc
319 3148 338 3184 a
346 3129 455 3183 Valerio
465 3141 557 3182 nostro
572 3147 627 3182 non
672 3127 724 3180 tius
737 3127 864 3181 Orientis.
