3110 5134
386 448 435 544 76
550 451 776 522 VALERII
804 449 1010 520 MAXIMI
1036 450 1132 520 LIB.
1161 449 1278 520 VIII.

382 580 590 650 notissimum
610 581 714 650 evasit
737 578 947 674 exemplum3
966 578 1067 666 adeo,
1088 593 1126 648 ut
1143 604 1205 673 pro
1224 579 1361 648 crimine
1382 579 1446 648 irn-

381 686 496 780 probis
512 687 709 756 feminarum
730 685 879 756 moribus
899 687 937 754 C.
958 683 1099 756 Afrania
1119 708 1241 753 nornen
1262 684 1446 778 objiciatur.

384 793 580 887 Prorogavit
599 807 710 861 autern
724 793 875 888 spiritum
894 815 989 860 suurn
1006 791 1048 859 ad
1062 792 1100 860 C.
1120 793 1285 860 Caesarern
1306 792 1448 879 iterum,

382 911 417 966 et
437 899 471 968 P.
491 898 668 970 Servilium
689 897 792 968 coss¹
814 897 894 966 Tele
912 898 1000 966 enim
1021 911 1207 965 monstrum
1227 898 1357 991 magis,
1380 921 1448 991 quo

382 1017 532 1098 tempore
552 1006 769 1092 exstinctum,
785 1028 884 1098 quum
903 1028 970 1098 quo
984 1005 1026 1072 sit
1043 1016 1173 1085 ortum,
1195 1004 1364 1072 memoriae
1376 1017 1448 1072 tra·

381 1107 526 1178 dendum
544 1125 603 1179 est.

438 1213 470 1286 3.
488 1217 667 1286 Hortensia
678 1240 777 1304 vero,
794 1217 836 1306 Q.
852 1217 1020 1284 Hortensii
1036 1211 1136 1301 filia²,
1151 1239 1255 1309 quum
1275 1213 1359 1284 ordo
1378 1239 1450 1284 ma·

383 1335 556 1390 tronarum
579 1323 671 1416 gravi
692 1321 818 1390 tributo
836 1347 856 1391 a
876 1321 1056 1390 triumviris
1077 1335 1163 1392 esset
1185 1335 1363 1408 oneratus,
1386 1345 1450 1390 nec

382 1429 556 1522 quisquam
571 1429 719 1496 virorum
733 1429 952 1524 patrocinium
969 1429 1016 1497 eis
1028 1427 1281 1497 accommodare
1295 1425 1451 1511 auderet,

382 1557 516 1602 causum
538 1534 734 1604 feminarum
753 1534 842 1630 apud
861 1535 1052 1604 triumviros
1069 1549 1103 1604 et
1119 1546 1309 1603 constanter
1328 1546 1362 1601 et
1378 1531 1451 1602 feli·

383 1639 466 1708 citer
480 1641 548 1734 egit
561 1655 813 1736 :repraesentata
829 1641 917 1710 enirn
931 1641 1034 1736 patris
1049 1639 1220 1728 facundia,
1239 1639 1451 1736 impetravit,

384 1757 422 1812 ut
434 1745 541 1838 major
553 1771 630 1841 pars
648 1748 817 1844 imperatae
830 1749 978 1843 pecuniae
992 1747 1044 1816 his
1062 1747 1293 1817 remitteretur.
1316 1745 1452 1813 Revixit

384 1863 455 1919 tum
473 1849 624 1922 muliebri
643 1855 744 1950 stirpe
759 1856 801 1945 Q
818 1855 1032 1942 Hortensius,
1049 1852 1223 1948 verbisque
1244 1850 1320 1922 liliae
1339 1849 1451 1947 adspi-

383 1958 477 2026 rnvit.
497 1959 602 2054 Cujus
623 1959 649 2029 si
668 1959 770 2028 virilis
791 1985 886 2030 sexus
907 1961 1031 2056 posteri
1052 1960 1121 2028 vim
1142 1959 1233 2055 sequi
1250 1956 1452 2044 voluissent,

383 2063 612 2135 Hortensianae
623 2063 817 2160 eloquentie
827 2081 918 2138 tante
927 2065 1308 2136 hereditnsunafeminae
1320 2065 1453 2136 actione

380 2155 540 2239 abscissa³
558 2195 626 2240 non
646 2187 742 2242 esset.

725 2389 975 2482 curui
1012 2391 1097 2480 1v.

653 2605 709 2696 De
729 2599 972 2700 quoestrbuzdus
992 2599 1120 2672 habitis
1138 2623 1163 2668 a

425 2780 446 2810 r.
461 2767 496 2813 Μ.
507 2765 572 2826 Agrii
582 2779 657 2812 serto.
668 2791 699 2800 —
710 2780 733 2812 u.
746 2764 878 2812 Alexandro
888 2767 914 2813 G.
930 2765 1019 2811 Fannii.
1032 2789 1063 2799 —
1076 2764 1097 2812 3.
1111 2763 1221 2824 Philippo
1233 2762 1310 2808 Fulvii
1322 2763 1410 2809 Ftneoi.

433 2917 541 3005 Atque
553 2925 592 2978 ut
604 2935 719 2980 omnes
733 2909 932 3004 judiciorum
948 2931 1104 2977 numeros
1117 2929 1355 3000 exsequamur,
1368 2931 1457 3001 quae·

383 3019 505 3086 stiones
518 3004 541 3104 ⁴,
555 3016 673 3112 quihus
691 3030 750 3086 aut
770 3016 932 3087 creditum
950 3027 1101 3102 nonest,
1118 3027 1176 3082 aut
1193 3027 1318 3083 temere
1336 3012 1460 3082 habita

382 3122 463 3193 fides
480 3137 546 3210 est,
563 3121 754 3193 referamus.

428 3329 453 3366 1.
470 3311 500 3364 C.
513 3311 631 3364 Cesaram
645 3315 741 3372 iterum,
756 3323 782 3362 et
795 3312 827 3365 P.
836 3310 894 3364 Ser·
936 3307 1013 3364 MSS.
1027 3311 1190 3380 junguntur,
1203 3318 1312 3380 epp-ret
1323 3306 1379 3362 hoc
1389 3306 1460 3362 'tude

386 3391 465 3444 vilium
476 3389 545 3444 Coss.
554 3389 617 3444 Huc
625 3390 703 3444 lectio
713 3389 831 3460 ePighio
841 3402 894 3455 est,
936 3401 1040 3457 ortum,
1051 3385 1124 3460 qood
1141 3389 1171 3442 iu
1186 3388 1245 3442 atii·
1256 3387 1313 3454 111,
1326 3401 1462 3462 eorrupte

384 3470 482 3524 Colero
497 3469 576 3522 nimis
591 3481 689 3522 temere
701 3469 822 3539 emplexo
841 3469 894 3522 leo·
936 3488 987 3540 pro
1002 3469 1047 3538 11,
1058 3468 1087 3522 in
1100 3468 1159 3522 eliis
1173 3471 1259 3522 iterun
1274 3467 1404 3522 omnibus
1415 3468 1463 3523 lit·

385 3548 484 3602 tionem
501 3547 565 3602 libri
579 3551 646 3602 Dm.
663 3549 693 3602 C.
710 3547 830 3602 Germ
842 3549 893 3608 111.
937 3549 999 3603 teris
1011 3548 1064 3602 tuit
1077 3549 1216 3620 scriptum.

384 3631 468 3680 iterun
492 3628 527 3680 ad
542 3629 576 3680 P.
594 3627 718 3682 &erilium
738 3648 798 3682 cors.
821 3625 895 3692 Quid
980 3647 1006 3682 ι.
1023 3628 1099 3682 Filio.
1108 3625 1462 3702 A.U.710.Appinu.Civ.

386 3707 457 3760 enim
470 3707 641 3777 unum,
655 3710 738 3762 rum„
749 3709 826 3761 aar.
838 3707 894 3760 se»
937 3709 987 3760 IV.
1003 3707 1116 3772 Quintil.
1133 3709 1162 3769 1.
1181 3725 1213 3772 1,
1230 3711 1258 3762 6.
1271 3737 1312 3752 -
1336 3708 1466 3760 rumve

386 3787 465 3840 vilium
476 3805 548 3846 coss..
566 3786 616 3840 uisi
630 3788 662 3841 P.
674 3787 799 3842 &nutum
812 3791 895 3840 iterun
938 3791 978 3839 ris.
995 3785 1110 3858 Lepido,
1123 3787 1258 3852 Antonio,
1273 3789 1408 3858 Augusto.

385 3866 603 3930 comulemsut'soe,
624 3885 707 3936 quum
728 3865 813 3920 Cesar
830 3879 896 3920 esset
979 3865 1406 3932 3,Atscusa.1deu‚finiu:nnm
1417 3887 1466 3920 ue·

386 3948 480 4000 tertium
497 3965 545 3998 cos.
553 3966 564 4007 ,·
580 3943 652 4016 quod
669 3945 778 4014 lelium,
793 3947 895 4000 utentis
938 3965 986 4018 poe
1001 3945 1137 4002 Hortensii
1147 3945 1263 4002 muttum
1275 3945 1397 4018 degener
1409 3947 1469 4004 tuit

383 4043 415 4078 ex
428 4025 565 4080 noualibus
574 4024 661 4096 Pighii
676 4025 767 4098 liquor.
783 4028 893 4098 Itaque,
938 4027 972 4080 ab
986 4027 1056 4082 evita
1070 4026 1183 4092 virtute,
1197 4027 1257 4092 111,
1275 4027 1309 4093 5,
1326 4031 1354 4090 4.

384 4123 469 4173 quurn
483 4107 524 4158 111
543 4108 669 4159 etiterum
688 4106 717 4160 iu
738 4104 895 4178 quibusdm
981 4111 1006 4169 4.
1018 4107 1469 4178 Quartumnequaeuiontbms·
