3108 5136
235 539 329 607 CAP.
359 537 460 624 XIV,
487 537 550 604 DE
577 534 895 606 stnnnltttnlnn
922 537 1100 606 FORMAE.
1136 562 1203 607 nor

143 647 282 740 nomine
300 671 479 755 Artemon,
500 691 659 762 perquam
679 665 792 736 similis
813 667 913 736 fuisse
933 667 1091 737 traditur:
1109 694 1208 764 quem

145 774 310 860 Laodice,
326 800 411 846 uxor
424 773 596 861 Antiochi,
611 773 784 842 interfecto
800 775 888 859 viro,
904 773 1126 844 dissimulandi
1141 801 1210 845 sce·

146 879 226 950 leris
243 883 364 976 gratia,
385 883 418 949 in
436 878 557 949 lectulo
573 879 709 975 perinde
727 881 819 974 quasi
836 881 944 974 ipsum
961 906 1071 974 regem
1086 907 1211 976 aegrum

147 986 346 1074 collocavit3
361 987 604 1081 admissumque
617 987 808 1054 universum
823 985 1000 1081 populum,
1016 1002 1049 1057 et
1061 1013 1213 1057 sermone

148 1095 222 1188 ejus
247 1108 280 1162 et
304 1093 399 1162 vultu
422 1091 583 1163 consimili
606 1090 743 1180 fefellit3
767 1090 1042 1186 credideruntque
1063 1093 1213 1164 homines

150 1201 194 1269 ab
216 1199 380 1269 Antiocho
400 1201 563 1268 moriente
581 1197 747 1268 Laodicen
772 1213 806 1266 ct
826 1213 921 1284 natos
945 1199 1015 1292 ejus
1039 1199 1098 1268 sibi
1119 1225 1214 1268 com-

149 1305 311 1375 mendari.
1132 1321 1134 1328 “

210 1439 243 1482 2.
265 1409 450 1506 Hybream¹
470 1424 580 1480 autern
603 1408 832 1504 Mylasenum,
853 1413 995 1504 copiosae
1013 1427 1111 1506 atque
1133 1437 1215 1481 con·

151 1520 263 1588 citatae
286 1515 446 1586 lacundiae
465 1532 651 1603 oratorem,
674 1519 885 1609 Cymaeorum
907 1542 1002 1588 servo
1023 1519 1218 1613 strigmenta
1277 1509 1279 1514 ’

153 1626 316 1720 gymnasii
340 1621 506 1717 colligenti
532 1637 600 1691 tam
625 1620 767 1691 similem*
787 1622 917 1710 ferunt,
939 1639 976 1692 ut
1000 1639 1129 1693 tantum
1150 1650 1218 1694 non

152 1755 351 1826 germanum
364 1729 499 1798 fratrem
515 1729 614 1798 totius
626 1730 711 1797 Asiae
725 1727 811 1798 oculi
825 1731 1044 1824 assignarent;
1060 1732 1106 1799 ita
1118 1730 1218 1799 linea-

154 1840 277 1906 mentis
293 1838 359 1905 oris
374 1849 407 1904 et
422 1836 571 1904 omnium
588 1834 812 1904 membrorum
828 1860 999 1929 compares
1014 1851 1118 1906 crant.

215 1941 247 2014 3.
269 1942 329 2012 Ille
347 1966 446 2030 vero,
466 1966 564 2035 quem
583 1942 617 2009 in
636 1939 745 2010 Sicilia
761 1944 910 2036 praetoris
928 1942 1109 2012 admodum
1127 1945 1219 2012 sirni-

154 2049 225 2120 lem
238 2049 336 2119 brisso
348 2062 494 2136 constat,
509 2046 685 2142 petulantis
699 2048 763 2118 fuit
777 2050 875 2118 animi
887 2045 911 2116 ²:
923 2049 1120 2144 proconsule
1132 2052 1219 2119 enim

155 2156 306 2243 dicente,
333 2161 453 2224 indari
474 2180 530 2241 se,
556 2171 768 2250 quapropter
790 2162 939 2224 suitam
965 2159 1084 2225 srirrilis
1109 2172 1217 2244 esset,

155 2287 262 2358 qrusrn
276 2277 381 2358 pater
398 2286 479 2330 suus
496 2267 532 2329 in
547 2285 624 2332 earn
634 2267 847 2357 provinciam
865 2285 1038 2356 nunquam
1059 2269 1220 2332 accessu·
1237 2259 1253 2280 ⁸

156 2385 233 2438 set:
248 2371 299 2438 At
318 2393 426 2453 meus,
450 2367 570 2461 inquit,
595 2369 950 2462 Romamfreqzoenter
966 2374 1118 2439 accessit.
1140 2373 1222 2438 Joco

157 2499 305 2570 namque
322 2473 505 2544 lacessitam
520 2475 634 2542 matris
653 2499 719 2542 suae
737 2473 947 2570 pudicitiam,
964 2477 1104 2545 invicem
1119 2477 1222 2571 suspi-

158 2583 258 2652 cione
278 2583 311 2650 in
332 2595 471 2650 matrem
490 2579 560 2673 ejus
579 2565 732 2673 rejected,
759 2581 932 2668 audacius,
953 2607 1053 2677 quam
1071 2583 1172 2677 virgis
1191 2597 1224 2651 et

159 2687 333 2758 securibus
350 2687 499 2780 subjecto
519 2687 755 2775 conveniebat,
772 2685 859 2757 ultus
878 2703 936 2757 est.

159 2843 585 2926 leg.cap.140.-¹-I}egioesrirpis.
593 2851 674 2904 Juxta
717 2869 774 2903 non
794 2864 882 2917 recte,
900 2849 991 2922 jndice
1012 2851 1137 2917 Vorstio,
1157 2851 1229 2924 quod

165 2932 236 2984 alios
249 2951 263 2982 e
277 2932 376 3002 syriaca
391 2932 468 3002 plebe
483 2931 542 2983 fuit.
718 2929 844 3001 praecedit
856 2943 895 2992 ut‚·
904 2930 976 2984 nnde
991 2931 1135 2985 Torreniue
1146 2933 1230 3001 conji-

210 3031 234 3064 ι.
251 3011 381 3084 Hydreum.
398 3010 535 3081 Hybreas,
554 3011 674 3083 egregius
719 3009 770 3066 cit.
786 3015 940 3080 assignarim.

163 3103 272 3154 orator,
290 3089 434 3162 discipulus
453 3091 503 3143 luit
523 3090 676 3162 Diotrephn
757 3089 1228 3154 2.Am'mr'.Vid.Plin.VII,r².Solin.

161 3171 450 3236 Antiocheni,coaeens
461 3169 674 3224 strabonisvid.
720 3169 756 3234 V,
775 3169 831 3222 heac
845 3183 953 3223 narrat:
975 3183 984 3202 ¹
1000 3169 1117 3223 Piscator
1132 3172 1228 3224 siculus

162 3251 252 3321 ejnsl.
265 3251 349 3315 xtn;
364 3263 391 3303 et
400 3250 471 3303 Plut.
485 3251 513 3302 iu
524 3251 625 3303 Anton.
636 3283 676 3294 -
720 3250 872 3320 proconsuli
888 3249 961 3303 Surae
976 3263 1072 3321 praeter
1086 3250 1137 3304 alia
1149 3251 1229 3303 etiarn

164 3330 326 3402 Mylasenum.
341 3329 442 3402 Mylasa
452 3343 490 3383 est
502 3331 565 3384 urbs
578 3329 677 3395 Cariae,
720 3329 789 3381 rictu
797 3329 851 3382 oris
857 3331 1068 3400 comparabatur,
1076 3331 1230 3384 itautineo·

163 3410 267 3481 Cyme,
281 3409 401 3463 AEolidis.
416 3442 456 3450 —
470 3409 618 3483 C'yrnoeorum
721 3407 783 3461 dem
793 3410 867 3462 vocis
879 3408 1072 3482 impedimento
1085 3423 1112 3464 et
1123 3409 1231 3464 tardata

162 3492 316 3559 strigmenta.
330 3489 477 3559 Scrigmerrta
494 3502 556 3542 suut
570 3488 678 3558 sordes,
722 3507 802 3541 sonus
816 3489 912 3560 linguae
934 3489 1098 3546 naturalibus
1115 3489 1231 3544 offendi·

162 3587 229 3640 quae
247 3588 278 3622 ex
293 3569 450 3622 athletarum
466 3569 631 3640 aliorumque
651 3569 679 3622 iu
723 3568 789 3621 culis
803 3581 1011 3640 congruerent.»
1030 3569 1156 3622 Jocosum
1168 3589 1232 3624 vero

162 3649 312 3720 gymnasiis
327 3667 354 3701 se
367 3649 545 3702 exercentium
561 3651 681 3720 corpori·
723 3667 879 3718 responsum
888 3648 1232 3720 Macrobiusinhngustum
1297 3693 1300 3700 .

162 3731 221 3781 bus
238 3726 448 3798 detergebantur.
470 3728 538 3780 Plio.
560 3729 623 3791 XV,
646 3735 679 3794 43
724 3727 814 3781 refert.

162 3807 251 3862 habet
269 3813 409 3877 strigrrreuta
421 3809 476 3860 olei.
493 3805 577 3860 Aldus
590 3806 680 3860 edide-
766 3807 792 3860 3.
806 3808 913 3878 Ilejecta.
928 3807 981 3862 Alii
994 3825 1001 3871 ς
1017 3821 1119 3878 regesta.
1131 3809 1235 3862 Dicitur

162 3899 213 3942 rat
222 3891 387 3958 gymnicorum
396 3899 533 3939 enemente.
552 3885 606 3939 Sed
620 3906 682 3940 con·
726 3886 797 3940 enim
809 3905 816 3940 ε
829 3907 934 3956 regerere
945 3888 1065 3952 insidiare,
1076 3889 1169 3953 Quint.
1181 3891 1235 3954 xl,

164 3981 320 4020 traomnes
339 3967 418 4020 MSS.
437 3999 477 4009 -
503 3967 606 4018 Tantum
625 3987 682 4021 aare.
730 3967 1036 4032 1‚22;erimen‚Senec.
1046 3967 1234 4037 Hippoh718.

163 4047 235 4100 Haec
243 4047 368 4100 vocabula
376 4047 484 4118 Pighius
492 4066 523 4100 ex
533 4046 610 4099 MSS.
618 4047 684 4098 omi·
727 4047 935 4100 Convenientior
946 4060 1032 4100 autem
1042 4059 1080 4099 est
1087 4045 1188 4098 Valerii
1198 4045 1237 4100 di·

163 4127 222 4191 sit,
242 4145 292 4178 nec
315 4127 442 4179 habetes
464 4125 507 4180 ed.
526 4140 609 4180 vetus.
630 4125 683 4179 Alii
727 4123 804 4178 cendi
820 4125 898 4180 modo
915 4126 1118 4197 paronomasia:
1134 4128 1235 4198 rejecta,

166 4221 297 4276 tanquam.
311 4206 389 4259 Multi
405 4205 500 4261 deinde
516 4210 679 4277 assignarunt,
726 4205 840 4274 subjecto.
