3108 5136
344 521 417 608 164
536 519 765 590 VALERII
793 512 999 586 MAXIMI
1026 519 1120 586 LIB.
1147 517 1215 586 IX.

394 657 428 740 Δ.
450 655 587 722 Tetrum
615 651 705 721 facto
732 650 857 746 pariter
881 674 922 720 uc
946 649 1036 720 dicto
1061 652 1110 720 Μ.
1131 649 1266 720 Antonii
1287 651 1408 720 convi-

339 763 432 830 vium
444 758 473 844 ¹;
488 783 565 828 nam
579 783 682 853 quum
699 756 742 827 ad
758 781 835 826 eum
854 757 1065 826 triumvirum
1080 759 1209 827 Caesetii
1221 755 1300 826 Rufi
1313 779 1409 826 sena·

339 867 420 938 toris
432 879 533 960 caput
549 864 684 934 allatum
701 877 801 952 esset,
817 863 1045 934 aversantibus
1064 862 1098 933 id
1115 865 1256 951 ceteris,
1269 863 1408 958 propius

338 973 509 1044 admoveri
517 971 631 1065 jussit,
646 995 685 1040 ac
699 969 756 1040 diu
770 969 1010 1065 diligenterque
1024 969 1262 1040 consideravit:
1279 970 1409 1040 cunctis

339 1079 458 1150 deinde
472 1078 740 1172 exspectantibus
752 1077 911 1172 quidnam
924 1089 1010 1147 esset
1023 1076 1192 1147 dicturus:
1208 1079 1314 1146 Hunc
1324 1099 1406 1170 ego,

338 1187 463 1280 inquit,
485 1200 602 1254 notram
620 1208 690 1254 non
705 1183 819 1254 dabui
838 1183 989 1280 Superba
1003 1181 1046 1254 de
1059 1197 1226 1273 senatore,
1242 1185 1410 1340 impotens

340 1292 382 1364 de
401 1293 513 1362 occiso
532 1291 707 1361 confessio.

398 1495 450 1548 DE
470 1492 675 1548 sumtuum
694 1491 747 1548 ET
767 1491 1033 1546 turonum
1053 1490 1354 1546 Exruurtottttu.

398 1699 427 1743 1.
459 1673 545 1743 Satis
572 1669 676 1742 multa
705 1672 746 1742 de
772 1673 918 1760 nostris3
949 1669 1056 1742 aliena
1084 1696 1174 1742 nunc
1203 1672 1410 1767 adjiciantur.

339 1779 518 1854 Alexandri
540 1779 626 1874 regis
642 1779 747 1848 virtus
768 1793 802 1848 ct
821 1775 958 1850 felicitas
977 1779 1083 1848 tribus
1103 1776 1283 1849 insolentiae
1300 1778 1411 1874 gradi-

339 1889 402 1958 bus
432 1885 609 1957 cxsultavit
638 1885 891 1956 evidentissimis
906 1883 941 1973 ²3
971 1885 1103 1955 fastidio
1132 1886 1219 1954 enim
1249 1884 1412 1982 Philippi,

340 1997 458 2065 Jovcm
487 1995 710 2062 Hammonem
739 2007 868 2087 patrem
897 1991 1064 2062 adscivit:
1095 1991 1192 2061 taedio
1218 2016 1351 2061 morum
1378 2005 1414 2062 et

341 2099 451 2170 cultus
470 2098 692 2185 macedonici,
709 2113 833 2168 vestem
849 2113 882 2168 et
896 2100 1045 2168 instituta
1065 2099 1193 2194 persica
1211 2101 1412 2194 assumpsit3

341 2222 454 2328 spreto
473 2203 606 2274 mortali
629 2204 766 2290 habitu,
791 2190 963 2274 divinum³
982 2204 1154 2274 aemnlatus
1175 2219 1246 2274 est:
1269 2229 1331 2274 nec
1350 2205 1412 2274 fuit

342 2315 373 2384 ci
394 2311 533 2408 pudori,
553 2310 676 2398 filium,
693 2312 800 2380 civem
810 2311 1031 2430 ,bomincm,
1048 2309 1264 2381 dissimulare.

399 2444 433 2488 a.
455 2421 531 2488 Jam
552 2401 701 2486 Xerxes⁴
703 2417 832 2512 ,cujus
858 2420 892 2486 in
914 2419 1047 2488 nominc
1070 2418 1225 2512 superbia
1246 2430 1281 2486 et
1302 2419 1412 2512 impo-

343 2526 446 2596 tentia
464 2524 613 2610 habitat,
635 2548 695 2592 suo
711 2523 787 2616 jure
804 2547 904 2618 quam
923 2522 1101 2594 insolenter
1122 2547 1201 2594 usus
1220 2537 1286 2609 est,
1309 2549 1413 2618 quum

344 2631 481 2701 Graeciee
496 2575 680 2698 indictdrus
694 2628 835 2716 bellum,
849 2629 1004 2700 adhibitis
1021 2631 1105 2700 Asiae
1120 2629 1342 2725 principibus,
1356 2633 1414 2702 Ne

343 2735 494 2823 ordered
506 2737 631 2830 inquit,
646 2759 721 2804 meo
734 2735 970 2806 tunmmmodo
985 2760 1067 2805 usur
1081 2737 1242 2825 consito,
1255 2759 1320 2805 vos
1333 2761 1413 2806 con-

347 2849 462 2930 traam
471 2857 630 2912 caeterwn
645 2857 864 2927 mementote,
877 2842 1070 2937 parendstm
1084 2848 1197 2938 magis
1211 2841 1310 2912 vobis
1321 2867 1411 2930 esse,

346 2973 451 3046 quam
465 2947 687 3018 suadendos.
703 2949 919 3045 Arroganter,
937 2950 1065 3018 etiamsi
1082 2951 1199 3018 victori
1217 2963 1367 3045 repetere
1384 2953 1415 3019 ei

348 3163 403 3208 est:
415 3147 797 3222 Pompeiusblruditiieuxorie
808 3167 861 3202 sue
905 3146 993 3222 quod,
1008 3167 1088 3222 mem
1100 3169 1192 3204 omnes
1202 3163 1333 3206 noverunt
1344 3167 1416 3204 reue·

348 3227 478 3286 adductus
487 3241 576 3294 est,ut
589 3227 742 3301 ejudicibus
751 3240 862 3301 peteret,
905 3241 990 3283 torem
1002 3266 1011 3294 ‚
1025 3250 1053 3284 se
1066 3230 1188 3302 ignorare
1201 3229 1310 3285 diceret.

348 3309 518 3380 Scipionem,
540 3308 589 3380 qni
618 3307 764 3362 secuudum
792 3309 862 3384 leges
948 3329 974 3363 s.
988 3310 1187 3365 Evidentisu'eu'r.
1200 3309 1264 3364 vid.
1278 3310 1417 3380 endum,

350 3388 433 3460 ipsim
442 3386 563 3460 Pompeii
571 3386 787 3442 condemnandus
796 3401 863 3456 eret,
905 3390 1010 3444 Arrium
1024 3403 1051 3444 et
1064 3391 1133 3443 Ptuc
1150 3391 1177 3443 in
1190 3391 1237 3444 vit.
1252 3388 1408 3444 Alexandri.

329 3466 501 3530 ‘ehootvem
526 3479 553 3519 et
572 3466 608 3520 ric
630 3480 726 3520 statum
748 3469 862 3540 reipubl.
948 3471 973 3524 ³.
996 3470 1119 3524 Divum.
1137 3469 1199 3524 Scil.
1215 3469 1349 3525 habitum.
1364 3470 1418 3524 Alii

353 3545 499 3602 infirmaret
510 3559 537 3600 et
549 3546 666 3603 violaret.
679 3549 719 3600 ltu
728 3547 863 3616 Velleius,
905 3549 997 3622 legunt
1010 3568 1017 3604 :
1031 3551 1136 3605 diuitum
1152 3563 1232 3622 caput.
1247 3582 1285 3596 -
1301 3549 1419 3604 AEmta·

350 3625 398 3687 11,
416 3628 468 3690 60,
486 3631 519 3689 43
535 3630 613 3678 omnm
625 3630 704 3696 pretio
719 3639 860 3698 temperato,
907 3641 945 3682 nu
955 3629 1106 3701 estLipcius
1120 3631 1229 3702 conjicit
1243 3642 1354 3702 captam
1364 3643 1415 3693 est,

351 3703 382 3760 id
397 3716 450 3768 est,
461 3705 551 3757 omniu
563 3707 664 3759 venalia
679 3719 770 3773 erant,
782 3708 862 3761 etiam
906 3709 977 3781 quod
989 3710 1023 3763 eit
1037 3727 1089 3782 pro
1101 3715 1218 3781 captavit,
1235 3721 1265 3764 ut
1278 3711 1418 3783 supraflu-

351 3785 408 3856 ip'su
423 3783 572 3854 respublica
582 3785 620 3850 ,si
629 3799 777 3858 emptorem
790 3787 863 3842 iuve-
905 3801 999 3842 etratus
1012 3802 1049 3842 est
1060 3809 1110 3862 pro
1118 3791 1256 3862 fluctuavit.
1275 3790 1329 3843 Alii
1343 3811 1418 3844 ωει-

351 3863 630 3934 nisssetmtilugurtba
637 3864 861 3937 aliquandodixit.
901 3881 976 3941 potus
986 3882 1036 3936 ert,
1047 3867 1121 3940 quod
1134 3889 1189 3924 nou
1203 3867 1311 3922 damnet
1319 3871 1419 3925 Torre-

395 3963 420 3998 1.
435 3943 580 3997 Conviviure,
595 3945 646 3997 Au.
657 3945 691 3997 U.
707 3964 775 4015 710.
789 3947 860 4000 Plut.
905 3949 974 4003 niue.
987 3947 1040 4002 Sed
1054 3949 1093 4003 nil
1104 3947 1272 4003 mutenduur.

324 4035 328 4040 '
351 4023 381 4076 in
399 4023 446 4078 vit
464 4025 543 4078 Facto
562 4037 676 4091 tetrum,
697 4023 770 4096 quod
792 4026 862 4080 iuter
946 4035 973 4092 4.
997 4029 1100 4084 Xerxes.
1116 4027 1180 4082 vid.
1202 4026 1333 4084 Herodos.
1348 4029 1419 4094 vn;

350 4103 441 4174 epulas
458 4103 520 4157 Rufi
539 4117 619 4178 ceput
637 4107 822 4177 pertrectavit,
834 4119 861 4160 et
903 4107 1001 4162 lustin,
1016 4110 1053 4163 11.
1065 4141 1105 4154 —-
1117 4109 1243 4182 Superbia.
1255 4109 1332 4162 Mare
1347 4110 1420 4163 euim

349 4192 484 4256 tamquam
501 4184 622 4256 ignotum
646 4187 757 4259 ubjecit3
778 4187 857 4251 dieto,
902 4187 970 4242 cudi
982 4190 1075 4260 jussit,
1091 4202 1117 4243 et
1131 4190 1184 4262 ipsi
1202 4190 1331 4262 Neptuno
1349 4207 1421 4246 ouu-
