3110 5134
389 459 457 532 158
581 461 799 529 VALERII
828 461 1033 528 ΜΑΧΙΜΙ
1061 462 1156 529 LIB.
1185 461 1250 530 lx.

381 598 480 687 igitur
498 595 531 661 in
548 591 649 662 dubio
666 607 735 678 est,
754 590 886 660 Sullane
907 594 1017 686 prior,
1036 616 1079 660 an
1098 593 1269 662 iracundia
1286 593 1387 662 Sullae
1409 597 1445 660 sit

383 713 554 768 exstincta.

554 905 608 956 DE
636 905 712 956 lua
740 903 793 954 ΕΤ
820 901 930 955 ODIO
960 903 1281 956 EXTEIINOIIUM.

435 1087 570 1184 Neque¹
594 1088 636 1156 ab
659 1089 779 1182 ignotis
801 1085 951 1180 exempla
975 1101 1087 1182 petere
1109 1089 1220 1181 juvat,
1245 1103 1278 1156 et
1299 1090 1449 1156 maximis

383 1199 462 1265 viris
477 1195 678 1290 exprobrare
696 1195 777 1261 vitia
795 1218 852 1262 sua
867 1193 1072 1262 verecundiae
1088 1208 1146 1262 est.
1162 1196 1327 1262 Caeterum
1347 1219 1449 1288 qrrum

382 1303 542 1401 propositi
560 1300 642 1370 fides
660 1297 931 1369 excellentissima
950 1324 1088 1393 quaque
1106 1299 1281 1394 complecti
1300 1316 1450 1381 moneat,

386 1405 556 1478 voluntas²
576 1407 669 1502 operi
686 1405 799 1492 cedat3
818 1404 897 1474 dum
921 1404 1077 1499 praeclara
1100 1405 1238 1474 libenter
1260 1405 1451 1500 probando,

383 1515 567 1586 necessaria
586 1511 743 1581 narrandi
762 1513 963 1581 conscientia
982 1537 1049 1579 non
1070 1511 1162 1580 desit.

444 1673 471 1718 1.
491 1644 718 1716 Alexandrum
738 1643 909 1714 iracundia
927 1669 986 1714 sua
1005 1645 1248 1740 propemodum
1266 1643 1348 1714 caelo
1367 1645 1451 1713 deri-

386 1740 496 1850 puit³3
510 1777 586 1822 nam
601 1752 679 1888 ‹puid
698 1751 841 1837 obstitit,
860 1776 926 1845 quo
945 1753 1054 1819 minus
1072 1749 1149 1820 illuc
1167 1765 1374 1844 assurgeret,
1394 1753 1451 1818 nisi

387 1859 602 1956 Lysimachus
639 1856 727 1927 leoni
744 1858 910 1950 objectus,
930 1871 964 1924 et
980 1855 1096 1951 Clytus
1115 1859 1209 1926 hasta
1229 1859 1407 1950 trajectus,
1423 1872 1454 1923 ct

387 1951 620 2038 Callisthenes⁵
647 1964 732 2032 mori
756 1961 889 2057 jussus?
915 1965 992 2056 quia
1017 1978 1083 2032 tres
1111 1967 1268 2032 maximas
1296 1965 1454 2031 victorias

388 2073 524 2144 totidem
544 2073 727 2158 amicorum
749 2071 876 2163 injustis
895 2068 1039 2138 caedibus
1060 2072 1166 2140 victor
1185 2056 1318 2138 ⁶edidit.

431 2308 452 2337 ι.
472 2283 553 2355 Neque
565 2281 731 2350 eligistis...
744 2293 768 2332 et
778 2285 895 2332 maximis.
942 2278 1030 2345 rediit,
1036 2280 1180 2334 etinderex
1186 2281 1305 2334 Threciae
1313 2281 1399 2334 factus
1407 2295 1455 2336 est.

387 2363 496 2434 Pighius
504 2360 672 2414 deffinitum
680 2361 711 2412 ab
721 2365 845 2430 igneum...
856 2361 900 2411 sed
983 2359 1008 2411 5.
1035 2359 1200 2412 Callisthenes.
1224 2359 1287 2413 Vid.
1310 2379 1386 2431 supr.
1408 2362 1455 2412 lib.

389 2439 755 2511 maximis.Male.Namignoti
764 2459 818 2492 non
827 2453 897 2506 sunt,
942 2439 1013 2505 VII,
1024 2459 1082 2511 cap.
1097 2436 1157 2508 a,§
1175 2442 1208 2505 8;
1223 2441 1321 2492 Justin.
1335 2441 1400 2502 XV,
1417 2441 1442 2493 3·

388 2536 418 2576 ut
431 2520 539 2592 Pighius
558 2520 687 2591 explicat,
707 2520 816 2573 externi.
832 2519 899 2573 Sunt
983 2522 1009 2572 6.
1021 2519 1116 2572 Edidit.
1131 2521 1249 2592 Kappius
1264 2520 1333 2572 hanc
1344 2538 1459 2580 vocem,

389 2601 511 2664 obscuri,
526 2619 640 2672 quorum
654 2601 771 2670 exempla
784 2599 899 2671 proferri
942 2617 1001 2668 quae
1014 2601 1133 2652 exstatin
1145 2600 1252 2670 optimis
1265 2613 1291 2653 et
1302 2599 1459 2670 antiquissi-

390 2685 505 2736 frnctum
518 2698 573 2732 non
587 2679 679 2744 allent,
692 2692 719 2731 et
733 2678 899 2732 verecundie
942 2677 992 2730 mis
1003 2679 1081 2731 MSS.
1092 2679 1132 2731 vel
1144 2677 1205 2730 edd.
1220 2692 1246 2732 et
1256 2693 1360 2733 rectum
1376 2679 1459 2731 habet

391 2776 478 2816 umen
494 2773 533 2812 est
546 2777 680 2812 recensere
693 2758 757 2811 vitia
775 2759 899 2811 maximo·
942 2774 1062 2819 sensum,
1078 2759 1106 2810 in
1123 2771 1222 2811 textum
1235 2757 1353 2830 recepit,
1368 2761 1461 2830 conje

391 2861 450 2896 rum
466 2840 584 2892 virorum
594 2859 601 2903 ;
612 2838 656 2892 sed
667 2839 723 2909 ipsa
735 2838 848 2890 instituti
860 2857 900 2890 ro·
942 2849 1045 2888 cturam
1058 2839 1145 2908 Pighii
1158 2838 1266 2908 perdidit
1277 2839 1388 2908 rejicere
1402 2857 1459 2890 non

391 2923 428 2975 tio
450 2920 581 2992 postulat,
602 2932 631 2970 ut
651 2936 707 2970 non
728 2917 898 2971 reticeantur.
943 2913 1075 2970 dubitans.
1098 2917 1130 2970 In
1154 2918 1281 2980 Susiano,
1308 2935 1358 2988 pro
1381 2917 1463 2968 edidit

394 3001 471 3054 Cedat
485 3019 555 3068 ergo,
573 2997 673 3068 inquit,
688 2998 801 3048 voluntas
816 3000 882 3068 operi
891 3017 899 3061 ;
942 2994 1038 3066 legitur
1052 2997 1199 3067 dettupovit,
1212 2995 1285 3068 quod
1297 3015 1352 3050 non
1368 2997 1462 3048 mInus

392 3079 464 3153 quod
482 3078 548 3131 mihi
569 3079 688 3130 conscius
707 3096 780 3140 sum,
795 3094 838 3128 me
854 3095 900 3128 ne·
943 3075 1060 3128 alienum
1076 3089 1122 3129 est.
1134 3077 1336 3129 Valeriusenim
1349 3093 1462 3129 causatu

391 3159 500 3214 cessaria
520 3157 647 3209 duntaxat
669 3175 776 3208 narrare
788 3193 796 3218 ,
818 3175 901 3226 quum
944 3155 1021 3206 allent
1033 3175 1081 3207 cur
1094 3155 1242 3208 Alexander
1254 3156 1348 3208 sercin
1361 3155 1462 3208 caelum

392 3241 477 3312 probo
486 3237 599 3289 libenter
609 3236 742 3307 praeelaru.
944 3235 1067 3304 assurgit,
1081 3239 1138 3305 quia
1153 3254 1250 3307 nempe
1263 3249 1316 3288 tres
1329 3235 1464 3288 maximas

436 3336 460 3369 a.
477 3317 604 3368 Voluntas.
619 3317 678 3380 Qua
690 3335 744 3367 non
757 3315 807 3368 nisi
820 3315 902 3367 hone·
943 3314 1066 3366 victorias
1082 3313 1214 3368 edidisset.
1224 3314 1303 3380 Quod
1315 3333 1383 3366 vero
1397 3315 1463 3368 nul-

393 3409 432 3450 sta
446 3397 544 3448 referre
556 3395 670 3447 mallem.
943 3392 996 3444 lam
1009 3393 1148 3446 historiam
1162 3393 1219 3446 sine
1231 3394 1354 3446 acumine
1365 3393 1465 3446 dimit·

436 3475 462 3526 ³.
473 3475 591 3544 Deripuit.
609 3473 733 3538 Obstitit,
747 3493 800 3544 quo
813 3473 901 3526 minus
945 3484 999 3525 tere
1008 3471 1464 3544 solet‚pungitsimultllexandruru

394 3557 464 3607 inter
473 3551 536 3604 deos
544 3564 735 3606 numeraretur.
747 3552 813 3605 vid.
823 3554 901 3605 Curt.
944 3550 1009 3603 dum
1024 3550 1112 3618 addit,
1123 3571 1186 3606 eum
1206 3571 1312 3625 quoque
1327 3553 1466 3606 victorem

395 3632 476 3697 VIII,
493 3632 507 3684 3
518 3671 526 3696 ,
544 3649 595 3695 1²3
613 3632 716 3684 Arrien.
732 3633 788 3697 IV;
808 3633 898 3684 Senec.
945 3629 1024 3683 luisse
1033 3631 1137 3702 injustis
1148 3631 1263 3686 cedibus
1273 3631 1387 3686 totidem
1397 3635 1468 3686 anri·

395 3711 429 3764 de
442 3713 503 3775 Ira,
519 3710 575 3767 111,
594 3729 643 3779 ¹73
659 3709 693 3764 de
710 3712 793 3765 Clem.
805 3713 837 3774 I,
853 3713 899 3764 25.
944 3729 1045 3763 corum.
1058 3711 1212 3765 Perizonius
1224 3713 1362 3784 ingeniose
1374 3715 1466 3784 oonji·
1546 3771 1547 3774 Ἴ

436 3798 462 3855 4.
472 3788 901 3862 Lysimachus.Iscrudelitermuti-
944 3792 979 3842 cit
996 3811 1001 3840 :
1020 3793 1085 3843 victo
1100 3792 1204 3844 reddidit
1209 3812 1220 3854 ‚·
1236 3791 1265 3844 id
1281 3805 1333 3858 est,
1350 3812 1468 3846 omnem

394 3874 447 3925 lato
461 3867 614 3923 Callistheni
626 3887 758 3920 venenum
771 3870 899 3938 prebuit;
943 3869 1068 3940 gloriam,
1078 3889 1158 3942 quam
1167 3890 1199 3924 ex
1208 3870 1326 3925 victoriis
1339 3887 1469 3943 ceperat,

393 3950 584 4018 damnatusque
593 3947 660 4000 banc
671 3947 706 4000 ob
718 3966 821 4000 causam
828 3982 837 4008 ‚
849 3949 901 4002 leo·
944 3950 997 4001 suis
1009 3948 1125 4004 cedibus
1140 3950 1215 4022 quasi
1227 3952 1331 4015 emisit,
1344 3964 1372 4004 et
1387 3953 1472 4023 quasi

395 4031 531 4099 nislingua
539 4039 659 4098 arrepta,
674 4027 755 4080 leram
768 4028 899 4081 exanima·
945 4049 997 4080 non
1007 4031 1184 4101 contigissent,
1196 4036 1261 4083 nicto
1272 4031 1345 4085 boeti
1353 4051 1397 4084 eas
1406 4033 1471 4082 ned-

394 4105 899 4173 vit.QuofactoinAlexandriamicitiam
944 4109 1014 4160 didit.
