3108 5136
369 529 440 602 168
558 528 778 598 VALERlI
805 525 1011 596 MAXIM!
1039 526 1136 595 LlB.
1163 526 1229 595 lx.

364 661 500 732 Atilium
523 659 689 756 Regulum
712 672 890 756 ceperant,
913 657 1105 729 simulantes
1126 683 1198 729 sese
1216 658 1353 729 domurn
1375 683 1431 730 re-

363 769 502 856 vehere,
523 770 556 836 in
571 767 639 836 alto
653 779 862 852 merserunt3
881 765 961 860 quid
981 780 1076 835 tento
1094 765 1242 836 facinore
1262 763 1432 861 petentes?

364 899 407 944 an
428 900 470 945 ne
484 875 631 944 victorin
649 897 766 943 eonun
782 872 890 942 socius
909 871 1116 967 superesset?
1133 875 1249 942 Exstat
1266 870 1430 942 nibilomi-

363 1007 447 1068 nus,
472 995 505 1050 et
531 980 665 1076 quidem
686 1005 764 1050 curn
783 977 914 1049 illorum
936 979 1137 1075 opprobrio;
1164 1003 1264 1074 quern
1285 980 1356 1049 sine
1377 976 1433 1048 illa

364 1087 476 1182 gloriae
495 1087 625 1182 jactura
644 1085 838 1156 inviolatum
859 1083 1075 1180 reliquissent„
1252 1081 1258 1098 ’

420 1221 452 1264 2.
475 1191 641 1264 Hannibal
663 1217 765 1288 porro
786 1191 991 1263 Nucerinns¹
1014 1192 1150 1262 hortatu
1169 1215 1231 1262 sun
1251 1215 1328 1262 eum
1346 1191 1432 1260 binis

363 1301 568 1371 vestimentis
584 1299 701 1369 urbem
718 1297 1026 1394 inexpugnabilibus
1043 1300 1148 1368 muris
1164 1300 1307 1368 cinctam
1320 1321 1431 1394 egres·

366 1433 439 1496 sos,
460 1431 585 1502 vapore
605 1422 638 1475 et
662 1405 754 1476 firmo
774 1404 967 1476 belneemru
991 1403 1249 1501 strangulando,
1271 1418 1305 1473 et
1324 1405 1430 1474 Acer·

365 1539 524 1584 ranorum
543 1526 693 1584 senatum
712 1512 828 1583 eadem
850 1514 977 1583 ratione
995 1525 1089 1582 extre
1103 1514 1223 1582 moenia
1237 1517 1430 1598 evocatum,

364 1623 398 1689 in
412 1618 615 1717 profundum
630 1634 807 1715 puteorum
820 1619 1022 1712 abjiciendo,
1041 1643 1152 1689 nonne
1171 1616 1294 1687 bellurn
1313 1614 1431 1686 adver·

365 1752 420 1798 sus
447 1726 608 1822 populum
635 1751 813 1797 romanum
843 1739 878 1795 et
905 1723 1034 1795 ltaliam
1064 1724 1252 1821 professus,
1273 1721 1431 1794 adversus

363 1834 468 1929 ipsum
484 1833 584 1904 lidern
598 1835 706 1904 aerius
719 1836 836 1928 gessit,
856 1831 1035 1902 mendaciis
1047 1847 1081 1901 et
1094 1831 1223 1901 fallacie
1237 1829 1332 1924 quasi
1348 1853 1430 1924 pree·

364 1938 462 2010 elaris
484 1942 609 2012 artibus
633 1938 801 2036 gaudens?
820 1941 899 2029 Quo
919 1941 1057 2024 evenit,.
1069 1953 1107 2008 ut
1128 1936 1250 2032 alioqui
1268 1937 1430 2032 insignem

364 2048 508 2118 nominis
526 2048 576 2118 sui
595 2047 788 2116 memoriam
803 2043 996 2134 relicturus,
1014 2045 1186 2130 indubio,
1206 2043 1372 2138 majorne,
1388 2067 1430 2112 an

364 2153 459 2248 pejor
479 2155 532 2221 uir
552 2153 667 2222 haberi
688 2153 842 2240 deberet,
864 2166 1012 2248 poneret,

407 2379 432 2415 ι.
452 2361 592 2416 nnana.
609 2363 659 2416 An.
678 2362 713 2415 U.
738 2361 803 2433 ⁵³7·
823 2363 874 2416 Zo-
917 2381 973 2416 esse
994 2379 1106 2427 omnes,
1127 2376 1296 2434 quocumque
1314 2357 1430 2432 hospitis

363 2459 453 2507 num
463 2441 521 2494 Liv.
535 2442 645 2508 nun
652 2443 767 2514 Appius.
778 2442 873 2514 Libye.
918 2455 963 2498 eut
976 2442 1102 2496 fortuitus
1113 2442 1196 2496 enimi
1207 2441 1322 2512 impetu·
1332 2439 1430 2494 tulerit.

362 2521 492 2574 XXXIV.
509 2521 623 2574 Nuceria
639 2522 703 2574 urbs
722 2523 873 2594 Campania
917 2554 958 2566 --
972 2517 1043 2575 Binis
1057 2523 1213 2574 metuentis.
1235 2521 1275 2574 Ex
1290 2519 1369 2574 Livio
1387 2519 1430 2572 l'i·

360 2599 442 2654 hodie
454 2599 566 2655 Noeeru.
577 2599 816 2656 Decrudelitrtein
828 2619 873 2656 eos
916 2601 994 2674 gbiru
1010 2601 1119 2674 conjicit
1137 2601 1255 2672 singulis,
1273 2597 1320 2653 sed
1340 2611 1431 2656 tuetur

359 2679 452 2734 Livius
476 2681 544 2734 nibil
568 2681 663 2747 lubet,
684 2680 733 2736 sed
757 2682 872 2736 mibit:
916 2682 1125 2736 nosternLivio
1138 2681 1258 2736 etimiu
1274 2681 1431 2736 ibiscum·

359 2759 508 2816 Nucerinos
520 2761 614 2816 urbem
627 2781 743 2835 egram
756 2760 873 2834 dilnpsos
916 2761 967 2834 plis
983 2762 1046 2818 ubit.
