3208 5174
348 422 397 514 74
503 417 721 487 VALERII
754 415 962 486 MAXIMI
996 415 1092 484 LIB.
1128 415 1241 484 VIII.

347 547 489 644 spoliare
508 561 702 635 conaretur,
729 560 880 642 sumptus
898 547 984 616 inter
1002 571 1059 615 eos
1077 545 1199 640 judex,
1219 548 1253 614 in
1271 570 1415 642 conspe·

345 670 402 724 otu
424 654 537 723 habita
563 656 760 750 quaestione,
792 651 985 722 seductum¹
1007 653 1163 721 Titinium
1192 655 1344 740 monuit,
1377 671 1417 722 ut

344 767 479 856 ncepta
492 761 682 847 desisteret,
697 785 743 830 ao
753 760 886 829 mulzmi
893 757 1006 828 dotem
1018 758 1182 828 redderet.
1193 758 1295 847 Quod
1306 784 1414 853 quum

346 870 464 962 saepius
479 868 600 937 smstra
615 866 764 954 fecisset,
781 879 916 936 coactus
931 865 973 933 ab
992 889 1032 934 eo
1050 865 1247 934 sententiam
1262 890 1414 959 pronun-

346 974 449 1059 tiare,
470 973 641 1044 mulierem
662 972 872 1068 impudicitiae
891 995 982 1040 ream
1003 971 1152 1041 sestertio
1173 995 1332 1058 nummo,
1351 973 1414 1040 Ti-

347 1080 465 1148 tinium
479 1077 627 1150 summa²
647 1081 748 1148 totius
761 1078 848 1148 dotis
862 1077 1051 1166 damnavit;
1065 1077 1240 1172 praeIatus,
1256 1107 1273 1142 α
1286 1077 1415 1147 idcirco

346 1209 380 1254 se
400 1185 489 1257 hunc
505 1183 677 1281 judicandi
694 1183 831 1254 modum
846 1199 1039 1278 sequutum,
1057 1183 1148 1277 quod
1168 1181 1310 1278 liqueret
1327 1184 1415 1273 sibi,

272 1349 275 1356 .
345 1292 501 1361 Titinium
524 1292 723 1386 patrimonio
743 1291 874 1360 Fanniae
896 1290 1028 1360 insidias
1049 1303 1250 1374 struentem,
1269 1288 1415 1385 impudi-

346 1423 392 1466 cae
414 1398 606 1491 conjugium
627 1397 797 1490 expetisse.
816 1426 833 1461 o
861 1398 985 1465 Fannia
1011 1409 1121 1464 autem
1146 1395 1217 1464 haec
1244 1409 1316 1482 est,
1338 1420 1416 1489 quae

344 1517 460 1596 postea
474 1503 618 1571 Marium
636 1502 766 1572 hostem
785 1516 935 1572 asenatu
950 1501 1155 1598 judicatum,
1173 1524 1334 1594 ooenoque
1353 1526 1419 1595 pa-.

348 1604 450 1695 ludis,
466 1633 532 1703 qua
549 1621 715 1678 extractus
728 1623 818 1692 erat,
832 1606 991 1697 oblitum,
1002 1608 1099 1676 etiam
1114 1608 1149 1675 in
1163 1603 1300 1675 domum
1315 1631 1414 1676 suam

345 1713 595 1783 custodiendum
613 1697 816 1784 Minturnis³
837 1712 1036 1800 deductum,
1057 1737 1121 1808 ope
1141 1725 1415 1807 quantacumque

345 1820 472 1913 potuit,
494 1820 641 1915 adjuvit:
663 1845 810 1906 memor,
835 1818 923 1913 quod
950 1817 1117 1918 impudica
1137 1818 1284 1912 judicata
1303 1834 1414 1908 esset,

346 1927 411 1996 suis
433 1928 600 2014 moribus;
615 1926 705 2021 quod
723 1925 835 1996 dotem
850 1941 1032 2014 servasset,
1046 1923 1131 1996 illius
1146 1923 1295 2020 religioni
1310 1949 1413 1996 acoe-

346 2033 441 2126 ptum
463 2034 542 2103 serri
564 2031 694 2101 debere.
1318 2059 1319 2062 ¹

399 2142 432 2222 4.
458 2137 586 2207 Multus
613 2161 721 2206 sermo
748 2161 789 2206 eo
810 2138 908 2206 etiam
928 2138 1052 2232 judicio
1071 2124 1258 2224 manavit⁴‚
1286 2140 1320 2206 in
1342 2163 1413 2233 quo

345 2242 480 2336 quidam
496 2242 576 2312 furti
593 2241 766 2312 damnatus
781 2259 850 2329 est;
864 2244 954 2338 quod
968 2269 1071 2340 equo,
1088 2244 1181 2339 cujus
1199 2269 1278 2314 usus
1292 2243 1338 2312 illi
1354 2270 1413 2314 us·

344 2373 409 2441 que
426 2349 570 2417 Ariciam
589 2349 817 2420 commodatus
830 2348 958 2440 fuerat,
977 2350 1133 2420 ulteriore
1151 2351 1221 2444 ejus
1239 2351 1414 2444 municipii

345 2452 431 2523 clivo
446 2469 561 2524 vectus
579 2469 672 2524 esset
691 2455 781 2545 Quid
794 2453 883 2525 aliud
894 2457 959 2526 hoc
971 2455 1053 2544 Ioci,
1065 2481 1164 2553 quam
1175 2455 1412 2528 verecundiam

343 2558 429 2628 illius
447 2560 548 2630 seculi
567 2558 757 2650 laudemus,
775 2563 809 2630 in
826 2587 893 2657 quo
911 2577 980 2632 tam
997 2548 1138 2632 minuti⁵
1162 2587 1182 2631 a
1200 2561 1327 2658 pudore
1348 2588 1410 2632 ex-

345 2691 455 2736 cessus
476 2666 719 2761 puniebantur?

389 2885 413 2920 r.
426 2865 560 2920 Sedaeaetum,
576 2866 691 2921 Sedroeen
701 2879 740 2920 est
752 2885 766 2922 a
778 2868 855 2920 turba
897 2885 939 2938 ep.
961 2870 1009 2936 69.
1031 2865 1118 2920 codd.
1134 2866 1275 2920 Justinian.
1295 2867 1350 2933 IX,
1366 2867 1409 2922 tit.

344 2965 495 3012 removere,
518 2959 548 3000 ut
562 2947 671 3002 seorsim
686 2966 747 3000 oum
767 2947 855 3017 aliquo
901 2965 933 3010 r,
946 2949 972 2998 6.
981 2945 1110 2999 -Furti
1122 2944 1155 2999 Id
1165 2946 1244 3018 prisci
1256 2947 1273 2998 J
1275 2945 1319 3001 Cti
1328 2945 1363 3000 de
1376 2947 1409 3000 iis

345 3029 421 3096 agere
433 3028 571 3097 possimus.
897 3025 991 3096 sepius
1001 3036 1163 3090 statuerunt,
1177 3027 1224 3096 qni
1237 3026 1319 3091 ultra,
1329 3045 1408 3098 qum

385 3125 409 3158 α.
426 3105 524 3158 Sununa
540 3111 611 3159 totius
625 3107 696 3160 dotis.
717 3108 756 3160 Ut
770 3117 853 3160 totam
896 3103 1085 3171 dicmmesset,
1096 3105 1171 3176 equis
1181 3105 1408 3160 commodumve·

344 3181 433 3236 dotem
448 3186 605 3239 restitueret.
896 3184 1032 3238 Iter-emur.
1052 3217 1092 3228 -
1111 3184 1262 3248 Verecundr'o
1278 3198 1305 3238 et
1317 3185 1408 3256 pudore

385 3262 412 3314 3.
424 3263 562 3316 Minturnis.
573 3261 638 3315 ¹Iiid.
650 3281 729 3332 snpra
739 3263 767 3329 1,
780 3264 811 3329 5,
823 3263 853 3330 ⁵3
896 3264 940 3317 hic
952 3266 1038 3318 utitur
1052 3278 1187 3336 tamquam
1199 3265 1361 3338 synonymis.

343 3341 375 3406 1,
391 3359 425 3410 7,
438 3341 453 3394 ⁵
462 3359 470 3408 ;
486 3341 526 3406 n,
540 3361 583 3404 ro,
601 3345 627 3396 6.
938 3345 964 3398 5.
980 3345 1080 3397 Morari.
1091 3343 1141 3398 Ed.
1151 3357 1203 3398 vet.
1215 3363 1319 3399 mamm
1328 3343 1409 3400 Unde

385 3419 852 3493 4.Maaooit.Vid.Symmaoh.V11,
896 3424 968 3495 Lips.
985 3423 1050 3494 legit
1060 3427 1157 3478 minimi.
1174 3425 1248 3478 Nihil
1261 3445 1338 3498 opus.

790 3742 969 3767 -anouw
