3108 5136
297 601 366 666 DE
393 597 658 668 NOMINUM
686 599 931 670 RATIONE.
1067 625 1133 672 aii

92 729 209 800 Tuscis¹
228 733 379 816 recitant,
391 731 526 798 Lartem
541 731 760 816 Porsennam3
775 729 817 796 ab
831 729 1019 824 AEquicoiis,
1034 733 1142 828 Septi-

83 863 172 908 ¹inum
192 837 344 907 Modium
365 838 509 932 primum
535 860 647 929 regqm
669 859 803 920 oomni,
825 850 859 904 et
878 839 1045 908 Sertorem
1073 843 1142 911 Re-

92 946 183 1031 simn,
203 946 260 1040 qui
282 945 410 1038 primus
432 944 485 1036 jus
508 941 622 1014 feciale
644 939 813 1011 instituit².
837 945 877 1010 lu
897 943 987 1014 hunc
1005 948 1143 1017 modum

93 1053 240 1120 Varronis
259 1051 420 1120 sententia
438 1049 615 1118 subruitur.

135 1159 302 1226 Romanos
323 1171 434 1226 autem
457 1153 684 1224 arbitrandum
707 1169 757 1223 est
782 1157 924 1225 maxime
945 1157 988 1236 ab
1010 1157 1145 1230 Albanis

93 1277 118 1330 ot
144 1265 272 1332 Sabinis
304 1261 633 1356 multiplicandorum
671 1263 843 1330 nominum
874 1264 1145 1336 consuetudinem

94 1372 236 1456 traxisse,
256 1369 413 1463 quoniam
435 1367 478 1436 ab
500 1366 563 1436 iilis
584 1369 650 1436 orti
677 1382 762 1436 sunt.
783 1370 907 1436 Omnia
926 1383 1053 1459 autem,
1074 1361 1146 1464 qius

95 1475 128 1542 ad
147 1498 413 1570 unumquemque
433 1489 586 1544 nostrum
605 1472 829 1543 definiendum
847 1477 1034 1571 excogitata
1053 1492 1147 1566 sunt,
1180 1517 1182 1523 v

94 1579 229 1652 nudem
259 1585 328 1652 vim
355 1579 561 1675 significandi
588 1580 732 1649 hominis
760 1581 911 1650 obtinent
919 1567 941 1650 ³.
962 1583 1063 1671 Quod
1088 1609 1148 1679 par

95 1689 317 1782 proprietatnm
337 1687 473 1772 dicitur,
494 1687 558 1754 hoc
580 1685 695 1774 distat,
714 1689 790 1780 quia
812 1711 852 1756 eo
874 1713 954 1782 gens
976 1693 1146 1785 cognosci·

95 1867 147 1922 edd.
154 1871 263 1924 habeant
270 1869 364 1924 Alium.
375 1869 496 1940 Sequutae
505 1879 592 1920 tamen
636 1869 753 1930 romani,
768 1871 977 1940 praenomiuibus
988 1873 1049 1928 sotis
1061 1889 1149 1948 patres

95 1949 152 2002 inuti
176 1969 268 2021 magna
291 1949 429 2001 oscitantia
455 1960 592 2018 sequentes
638 1965 667 2000 ac
681 1965 743 2000 avos
757 1960 857 2002 notare.
871 1949 905 2002 Et
918 1951 1055 2006 abeodem
1064 1958 1149 2026 genti.

95 2027 211 2083 editiones
221 2027 367 2082 immund.
380 2045 476 2098 nempe
485 2039 511 2080 et
521 2027 592 2080 Vor-
635 2027 724 2079 litium
737 2045 843 2098 qnoque
856 2047 955 2082 nomen
971 2035 1095 2103 provenit
1106 2035 1149 2090 Se·

95 2109 358 2163 insinuationum.
368 2107 448 2179 prim.
464 2104 519 2158 duo
532 2106 593 2158 Lei·
634 2109 779 2176 ptimiortnn,
793 2108 861 2160 siem
868 2109 901 2162 ab
911 2109 969 2164 eiiis
977 2111 1058 2166 etiam
1068 2115 1148 2185 Quin·

96 2185 159 2240 dens.
174 2189 267 2260 Uitraj.
282 2200 393 2259 uterque
410 2186 525 2240 Volesum
539 2185 593 2236 Va·
637 2190 691 2247 etii,
713 2185 805 2244 Sextii,
826 2187 934 2252 Octauii,
952 2191 1070 2258 Decimii,
1087 2209 1149 2250 sunt

97 2266 502 2335 tirimvettsatmsmmvltmj.
513 2265 592 2336 prim.
637 2265 919 2336 appellati-Modico
937 2269 1045 2341 quidem
1063 2277 1148 2346 gentis

96 2347 321 2401 Fumiseiileatieum.
332 2347 413 2400 Paris.
429 2345 499 2416 prim
505 2343 591 2397 .1.eid.
636 2346 758 2399 meminit
771 2347 851 2398 etiam
866 2348 974 2412 Cicero,
986 2351 1023 2404 M.
1038 2353 1147 2408 Medium

97 2427 171 2496 quint
180 2428 276 2481 Finitus
283 2427 425 2485 iileatieum
438 2423 514 2477 Leid.
527 2423 591 2478 se'xt.
636 2425 751 2496 equitem
757 2421 1149 2488 romanumuominausactione

97 2505 194 2560 Fiam
218 2509 354 2560 Nicetium.
381 2505 433 2558 Bit.
460 2503 539 2575 prim.
567 2515 593 2556 et
636 2505 664 2556 in
683 2506 795 2558 Verrem
815 2505 866 2561 IV.
888 2509 933 2561 Eu
951 2509 976 2562 T
974 2517 1035 2563 uicis
1057 2518 1149 2584 μερίς.

97 2583 159 2639 Harl.
169 2587 241 2640 Fumi
252 2585 410 2639 Siiieaticum.
422 2585 494 2654 Mog.
507 2583 592 2636 Atmm
636 2595 700 2636 runt
718 2585 798 2638 etiam
815 2589 900 2640 nostri
918 2588 996 2644 MSS.
1015 2592 1146 2662 Septimum

96 2665 314 2730 tinnimentum,
330 2677 360 2718 ut
375 2679 401 2720 et
416 2663 523 2734 reliquae
540 2661 593 2716 edi-
637 2663 746 2716 Modiam
761 2665 841 2718 habet
857 2667 955 2739 Ultraj.
969 2671 1048 2740 prim.
1071 2673 1148 2728 Heri.

97 2743 179 2799 tinum,
638 2743 718 2797 Puris.
734 2743 813 2815 prim.
825 2744 899 2798 Leid.
911 2759 970 2801 tert.
981 2762 1008 2802 et
1020 2751 1105 2822 quint.
1134 2787 1137 2795 ι

131 2843 152 2878 1.
161 2827 299 2882 Hetruscis,
309 2829 413 2876 recitant
425 2825 520 2874 iurtem
529 2823 592 2874 Por·
679 2842 704 2875 a.
724 2824 776 2892 Qui
785 2827 877 2893 primus
884 2827 926 2895 jus
931 2827 1022 2891 feciale
1031 2833 1143 2885 instituit.

95 2923 164 2958 scamis
181 2907 211 2958 ai
228 2906 372 2977 Equieolis,·
386 2903 525 2973 Septimium
539 2901 592 2954 Me·
638 2901 1146 2978 Ultrnj.prim.qmjmfhciakmmte'tu1i‚

96 2983 160 3039 diam.
174 2986 216 3039 Sic
229 2985 303 3036 olins.
320 2981 471 3037 Currentius
486 2983 542 3036 hmo
558 2983 593 3034 ita
637 2979 724 3035 deleto
737 2987 837 3054 primus.

94 3061 214 3120 habentur
231 3067 260 3118 in
277 3075 330 3117 vet.
343 3081 368 3116 o.
384 3062 543 3132 (impensi.
568 3073 595 3112 et
679 3061 705 3114 3.
726 3061 815 3116 Omnia
834 3074 923 3125 aurem,
946 3085 1000 3136 qun
1014 3069 1049 3119 ad
1063 3089 1147 3124 unum.

95 3141 272 3200 Sambuciano:
280 3143 412 3196 EeTuscis
419 3139 595 3205 recitantLaa-
637 3159 749 3212 quemque
764 3155 868 3192 nostrum
881 3143 1040 3212 definiendum
1053 3169 1145 3204 accom-

95 3233 133 3272 ren
139 3222 497 3296 Porseunnm5abAEquicolis‚
513 3219 593 3292 Septi·
637 3220 734 3272 mndata
748 3235 814 3282 sunt,
831 3222 912 3274 eodem
927 3228 977 3276 nim
983 3266 1088 3284 .......
1103 3233 1146 3284 ob.

93 3320 147 3354 eam
164 3305 273 3358 Mudim
290 3307 394 3374 primum
415 3321 492 3372 regem
505 3319 593 3354 eorum.
639 3305 719 3353 tinem.
733 3299 776 3353 Sic
787 3302 866 3368 oiim;
882 3303 938 3376 iege
950 3307 1061 3361 emuckm.
1074 3311 1147 3365 Dicit

91 3380 201 3452 Septim
216 3397 256 3438 est
271 3401 360 3436 rarum
370 3379 479 3454 quidem
491 3399 593 3452 pruno·
636 3381 708 3432 enim
717 3381 1146 3444 omnianominahebereeamdem

92 3479 160 3530 men;
177 3463 226 3518 sod
249 3461 366 3536 ejusdem
382 3475 469 3516 tamen
485 3460 594 3514 rationis
637 3459 1145 3538 vimsigniflrandihommispraeterno·

91 3559 116 3596 ac
129 3545 244 3613 Ouiana,
262 3543 363 3599 Sextus,
381 3542 499 3605 ocum,
520 3541 594 3594 Deoi-
638 3557 698 3593 men
712 3540 888 3612 gentilitium,
901 3562 955 3615 quo
968 3564 1032 3618 gens
1047 3567 1145 3622 oogno-

90 3641 150 3685 mum
167 3643 228 3696 que
244 3624 278 3676 nb
294 3621 388 3676 ordine
404 3619 529 3674 nascendi
544 3621 595 3673 im·
638 3621 734 3685 scitur,
744 3633 770 3674 et
785 3621 820 3674 ito
835 3619 924 3676 editur
934 3625 961 3678 in
975 3627 1051 3682 Aust.
1068 3631 1145 3704 Ling.

89 3703 167 3769 posita
192 3705 274 3757 iuisae
302 3701 417 3756 affirmat
438 3701 477 3754 M.
499 3701 593 3752 Varro.
639 3699 697 3753 Lat.
711 3699 772 3753 vide
786 3701 900 3766 Quintil.
917 3703 963 3758 lib.
977 3707 1031 3772 vt,
1044 3727 1102 3782 cap.
1117 3713 1144 3766 3.

86 3779 145 3852 Ejus
159 3784 326 3838 mentionem
342 3781 446 3853 reperio
465 3778 536 3850 apud
549 3780 594 3832 Li·
638 3779 764 3852 Pighius,
778 3781 856 3834 etiam
871 3783 899 3834 in
913 3787 1040 3856 margine,
1049 3787 1147 3845 adseri.

88 3861 154 3915 vinm
166 3859 327 3918 Mirum
338 3861 367 3914 in
378 3861 447 3926 tine,
462 3861 508 3914 ubi
522 3862 594 3930 juve·
639 3859 691 3930 psit
708 3879 758 3932 pro
779 3861 851 3914 varin
871 3862 984 3918 lectione
1002 3869 1147 3940 quamdam,-

86 3957 142 3994 neni
157 3941 234 3998 iilum
250 3941 384 4014 equitem,
400 3940 447 4013 qui
464 3939 595 4012 Scipioni·
639 3938 685 3992 sed
700 3941 803 3992 eamdem
815 3941 912 3995 hebent
921 3947 1075 4001 vetiutiores
1084 3949 1146 4004 edd.
1177 3972 1179 3980 ¹

85 4021 129 4074 bos
154 4023 249 4078 occisis
272 4022 301 4074 in
321 4019 449 4093 Hispania
471 4021 595 4091 reliquias
639 4019 793 4074 etexMSS.
806 4021 879 4074 Harl.
889 4036 1001 4096 uterque
1009 4027 1146 4098 Uitrajeot.

86 4101 348 4167 exercitasservasit,
359 4101 511 4172 appeiiat·L.
524 4100 595 4152 Man·
639 4117 700 4153 oum
715 4100 932 4156 tribusLeidens.
945 4096 1066 4175 equibus
1080 4123 1146 4162 sext.

43 4199 45 4232 i
83 4185 140 4234 eiam
153 4183 261 4254 Septimi
269 4179 359 4252 filiium.
374 4181 415 4250 ltu
427 4197 543 4251 namque
557 4179 595 4232 le·
640 4181 718 4232 etiam
738 4181 773 4231 ad
790 4200 972 4254 umimquemque
989 4189 1083 4254 virum,
1098 4207 1147 4260 pro

44 4261 45 4300 i
85 4259 597 4334 gendum,quandoconstatmorisesse
642 4259 676 4310 nd
689 4279 784 4332 remimq.
799 4271 913 4312 nostrum.

907 4369 988 4485 ¹4²¹
